2774 3741
1345 96 1397 141 16

241 241 310 298 qui
341 240 397 283 de
428 238 583 283 eadem
614 238 748 294 stirpe
780 236 975 287 homines
1004 236 1058 281 ad
1093 252 1246 281 novam
1277 252 1451 295 semper
1481 237 1647 295 culpam
1680 237 1962 294 compelleret
1990 246 2120 295 atque
2146 239 2377 296 pelliceret.
2418 239 2494 282 Hic

239 325 379 359 autem
417 314 603 363 Alastor,
643 321 688 357 ut
720 312 856 359 verbo
899 314 1075 371 proprio
1114 313 1348 364 declarem,
1391 327 1472 357 non
1516 321 1581 357 est
1620 313 1740 364 alius,
1784 313 1857 357 nisi
1897 313 1951 362 is,
1993 316 2063 371 qui
2102 327 2184 358 non
2224 314 2494 359 obliviscitur.

239 393 431 449 Cumque
473 391 564 434 eius
604 389 777 448 propria
819 372 968 433 natura
1002 391 1041 433 in
1074 404 1127 434 eo
1159 398 1372 438 cernatur,
1414 389 1528 447 quod
1574 404 1655 432 non
1699 389 1959 433 obliviscitur
1998 387 2192 438 efficere,
2236 399 2276 432 ut
2311 391 2422 434 bona
2454 392 2493 431 in

239 469 410 512 homine
444 476 589 510 natura
623 467 931 523 comprimatur
962 474 1005 510 et
1038 480 1166 523 prava
1201 465 1406 522 peccandi
1440 466 1632 509 voluntas
1663 473 1877 523 exsurgat,
1912 480 2014 509 vere
2046 464 2142 508 nihil
2175 473 2239 509 est
2255 465 2387 515 aliud,
2420 465 2496 510 nisi

239 555 282 589 et
312 546 466 604 cuique
500 544 656 587 homini
692 551 734 587 et
764 544 838 586 toti
870 543 992 587 alicui
1025 543 1142 600 stirpi
1175 541 1384 586 inhaerens
1416 541 1549 586 malus
1582 541 1648 586 ille
1680 542 1848 599 genius,
1888 543 1959 600 qui
1993 555 2076 586 non
2108 549 2267 600 potest,
2309 542 2407 600 quin
2439 542 2494 586 ad

238 638 346 665 nova
379 636 554 678 semper
585 621 694 663 mala
728 621 933 677 patranda
969 621 1174 670 facinora,
1208 620 1342 675 primo
1373 617 1529 676 flagitio
1560 618 1705 662 similia
1738 618 1972 675 protrudat.
2014 620 2132 664 Hunc
2159 619 2399 663 daemonem
2424 619 2494 677 qui

238 715 321 743 non
362 707 608 756 oppugnat,
647 711 776 754 quum
821 710 899 753 pro
930 694 1065 739 libero
1107 711 1183 738 suo
1225 694 1397 738 arbitrio
1440 695 1587 752 possit,
1631 708 1706 738 sua
1748 695 1877 752 ipsius
1917 693 2040 751 culpa
2082 702 2316 752 occupatus
2359 702 2421 737 est
2453 691 2495 738 et

239 791 393 833 poenas
423 775 498 817 det
529 788 709 817 necesse
742 781 821 819 est,
865 771 938 814 nisi
972 771 1080 814 forte
1112 771 1219 815 deus
1250 770 1419 828 qnidam
1455 771 1606 815 vindex
1639 771 1813 828 periculi
1845 786 1892 813 se
1925 771 2236 829 interposuerit.
2297 772 2340 814 ln
2374 771 2495 813 Pelo-

242 852 437 910 pidarum
470 858 597 908 gente
630 848 764 905 qualis
795 847 958 890 Alastor
990 846 1056 889 ille
1089 856 1310 905 appareat,
1345 860 1454 890 nuno
1487 846 1715 890 videamus

359 927 532 982 Pelops,
564 924 740 970 Tantali,
776 923 970 982 Phrygia}
1004 924 1132 980 regis.
1165 923 1286 971 lilius,
1319 922 1547 969 Oenomai,
1580 923 1683 965 Pisce
1715 924 1842 976 regis.
1877 923 2117 972 filiam,.cui
2151 936 2303 965 nomen
2337 924 2494 981 Hippo-

242 1006 396 1048 ‹lamiae
427 1011 538 1050 erat,
582 1003 619 1042 in
652 1000 960 1042 matrimonium
994 999 1071 1041 sibi
1106 1001 1292 1055 petebat.
1353 1000 1490 1050 Quum
1526 1014 1627 1041 vero
1660 999 1906 1043 Oenomaus
1944 999 1997 1042 illi
2029 1007 2187 1042 tantum
2227 1000 2351 1042 filiam
2392 1015 2495 1043 uxo-

243 1096 332 1125 rem
364 1081 467 1122 dare
502 1078 647 1123 vellet,
681 1078 750 1132 qui
783 1090 829 1116 se
863 1089 988 1117 cursu
1023 1077 1209 1132 equestri
1243 1084 1506 1131 superasset,
1548 1075 1702 1130 Pelops
1731 1075 1940 1133 Myrtilum
1982 1076 2169 1132 aurigam
2215 1077 2351 1132 pretio
2384 1091 2495 1120 mer-

242 1167 362 1202 catus
392 1168 519 1213 quum
552 1153 606 1195 ab
640 1156 865 1194 Oenomao
906 1152 1015 1194 victo
1057 1152 1274 1208 praemium
1318 1151 1509 1194 victoriae
1541 1150 1863 1208 Hippodamiam
1906 1151 2162 1207 accepisset,
2206 1160 2424 1195 revertens
2454 1152 2493 1195 in

243 1233 487 1293 Phrygiam,
521 1245 592 1277 ne,
625 1244 712 1286 quo
744 1228 844 1271 dolo
878 1229 1065 1274 vicisset,
1099 1228 1370 1284 proderetur,
1405 1230 1566 1286 ingrato
1598 1228 1737 1270 animo
1769 1229 1958 1285 aurigam
1991 1229 2028 1270 in
2063 1242 2180 1271 mare
2204 1230 2495 1286 praecipitavit.

242 1313 335 1364 Quo
368 1310 479 1352 facto
512 1305 702 1366 Myrtilus
734 1303 1011 1347 moribundus
1044 1304 1247 1360 Pelopem
1281 1306 1455 1361 eiusque
1494 1306 1667 1361 stirpem
1709 1314 1956 1347 exsecratus
1986 1313 2061 1347 est.
2122 1304 2290 1362 Pelopis
2323 1314 2364 1349 et
2396 1305 2495 1363 Hip-

242 1386 451 1446 podamiae
494 1382 581 1432 lilii,
623 1385 772 1423 Atreus
813 1388 855 1423 et
887 1379 1120 1439 Thyestes,
1164 1389 1385 1438 postquam
1419 1381 1724 1440 Chrysippum,
1769 1383 1939 1424 fratrem
1981 1395 2249 1437 germanum,
2291 1397 2314 1425 e
2355 1382 2495 1426 medio

237 1462 512 1507 sustulerunt,
560 1458 637 1514 ipsi
679 1465 827 1513 postea
869 1456 924 1498 de
969 1471 1102 1513 regno
1144 1466 1317 1499 certant.
1378 1456 1604 1516 Thyestes,
1654 1465 1696 1499 ut
1739 1473 1763 1500 e
1794 1472 1925 1515 grege
1957 1459 2069 1501 Atrei
2111 1471 2286 1501 aureum
2329 1472 2495 1517 agnum,

240 1540 359 1583 cuius
402 1552 451 1580 ex
497 1535 766 1591 possessione
804 1534 1012 1590 Argorum
1059 1540 1101 1574 et
1143 1534 1415 1591 Mycenarum
1458 1548 1631 1589 regnum
1674 1533 1909 1590 pendebat,
1951 1534 2154 1581 auferret,
2198 1549 2284 1591 quo
2326 1535 2495 1585 facilius,

242 1615 356 1674 quod
402 1612 545 1660 vellet,
594 1616 952 1666 consequeretur,
994 1610 1230 1664 Aeropam,
1278 1610 1414 1652 fratris
1455 1622 1651 1659 uxorem,
1704 1611 1894 1667 corrupit
1934 1611 2059 1667 eique
2101 1619 2292 1668 stuprum
2335 1611 2496 1655 obtulit.

243 1694 379 1746 Quam
424 1689 480 1731 ob
523 1701 614 1729 rem
648 1687 686 1727 in
720 1684 907 1727 exsilium
951 1684 1101 1726 missus
1140 1700 1270 1741 quum
1316 1700 1398 1728 non
1438 1685 1567 1728 multo
1611 1695 1703 1742 post
1745 1685 1925 1743 supplex
1968 1685 2022 1728 ad
2061 1699 2176 1728 aram
2217 1686 2494 1731 domesticam

241 1767 519 1824 confugisset,
554 1767 724 1807 Atreus,
758 1762 966 1803 infamiam
999 1774 1021 1801 a
1057 1761 1186 1803 fratre
1218 1761 1370 1803 illatam
1403 1762 1583 1810 ulturus,
1615 1762 1853 1819 supplicem
1886 1762 1939 1805 ad
1973 1775 2140 1805 coenam
2173 1763 2340 1806 vocavit
2370 1763 2496 1822 eique

241 1846 420 1888 filiorum
453 1843 545 1883 eius
576 1838 854 1896 iugulatorum
887 1851 1039 1879 carnes
1071 1838 1364 1880 comedendas
1396 1840 1625 1894 proposuit.
1676 1840 1768 1890 Qua
1803 1854 1849 1882 re
1881 1847 2101 1895 comperta
2133 1838 2343 1898 Thyestes
2366 1848 2495 1884 totam

240 1920 411 1975 Pelopis
443 1915 691 1974 progeniem
727 1921 972 1956 exsecratus
1003 1920 1078 1955 est.
1142 1915 1245 1957 uuio
1279 1923 1451 1970 postero
1475 1923 1668 1971 tempore
1692 1914 1796 1957 alius
1818 1914 1943 1958 etiam
1967 1913 2073 1957 filius
2095 1914 2295 1964 nascitur,
2328 1916 2496 1961 nomine

240 1995 477 2054 Aegisthus.
536 1991 623 2034 Sed
658 1992 781 2032 etiam
814 1989 901 2038 hic,
935 2000 977 2031 ut
1009 1990 1100 2045 ipse
1135 1999 1294 2038 narrat,
1327 1990 1382 2032 ab
1406 1993 1737 2047 Agamemnone,
1770 1991 1883 2034 Atrei
1915 1989 2018 2040 filio,
2052 1991 2090 2033 in
2122 1990 2289 2035 exilium
2314 1993 2496 2038 mittitur.

242 2072 385 2120 Vides,
427 2066 729 2124 Pelopidarum
771 2067 904 2122 gentis
944 2065 1046 2107 socii
1088 2080 1174 2121 quo
1214 2065 1405 2108 Alastore
1448 2066 1527 2108 hnc
1566 2080 1700 2122 usque
1740 2067 1821 2109 sint
1862 2065 2020 2109 imbuti.
2082 2066 2292 2110 Fraudant
2333 2078 2496 2118 necant,

242 2148 370 2193 veluti
402 2146 579 2202 Pelops;
613 2150 888 2198 corrumpunt
922 2141 1211 2184 moecbantur.
1255 2141 1368 2184 velut
1398 2140 1624 2201 Thyestem
1666 2141 1922 2187 ulciscuntur
1953 2142 2158 2201 foedeque
2189 2142 2390 2201 iugulant,
2426 2159 2497 2190 ve-

241 2227 313 2270 luti
345 2230 516 2274 Atreus;
548 2221 587 2263 in
621 2218 810 2263 exsilium
845 2219 1030 2266 eiiciunt,
1062 2219 1176 2262 velut
1209 2223 1510 2275 Agamemnon.
1560 2219 1713 2276 Pelops
1743 2232 1850 2277 quas
1881 2218 2020 2277 culpae
2052 2233 2205 2278 poenas
2232 2221 2499 2278 pependerit,

242 2304 364 2353 latet;
396 2299 607 2358 Thyestes
638 2308 739 2339 suas
771 2304 813 2337 et
844 2295 988 2338 exsilio
1023 2304 1063 2337 et
1095 2295 1196 2338 diris
1227 2295 1413 2352 dapibus
1446 2296 1536 2350 ipse
1568 2296 1699 2338 solvit.
1742 2296 1843 2338 lnde
1877 2296 2132 2354 intelligitur,
2166 2311 2242 2340 cur
2264 2297 2499 2358 Aeschylus

241 2376 495 2434 πρώταρχον
525 2374 636 2417 illam
667 2367 778 2426 ἄτην
808 2386 890 2414 non
922 2371 974 2413 ad
1009 2371 1177 2428 Pelopis
1209 2386 1351 2429 neque
1383 2370 1439 2414 ad
1461 2371 1659 2432 Thyestae
1690 2370 1910 2430 flagitium,
1941 2372 2017 2416 sed
2051 2372 2104 2415 ad
2127 2374 2239 2417 Atrei
2263 2373 2497 2419 foeditatem

243 2455 504 2512 potissimum
548 2448 752 2493 retulerit.
819 2449 921 2490 Nam
961 2449 1051 2490 eius
1092 2449 1250 2490 crimen
1295 2448 1482 2490 nondum
1526 2457 1618 2490 erat
1656 2449 1882 2505 expiatum.
1949 2448 2079 2492 Huius
2117 2449 2285 2506 culpam
2324 2452 2500 2508 suscipit

240 2535 529 2589 Agamemnon
561 2534 603 2568 et
634 2533 679 2566 ut
710 2522 818 2565 filius
849 2537 926 2579 pro
960 2523 1090 2579 patris
1120 2523 1278 2566 delicto
1311 2537 1465 2579 poenas
1504 2523 1729 2578 persolvet.
1790 2525 1876 2566 Nec
1918 2533 2057 2567 tamen
2098 2534 2239 2580 potest
2274 2527 2498 2584 quisquam

239 2606 382 2652 luere,
415 2603 485 2661 qui
517 2602 668 2644 nullius
698 2599 838 2656 culpae
878 2599 968 2656 ipse
1008 2613 1106 2641 reus
1138 2607 1213 2641 est.
1278 2600 1470 2654 «Μ’μνει
1509 2594 1610 2652 γὰρ,
1650 2600 1874 2653 μίμνοντος
1915 2598 1963 2641 ἐν
2001 2597 2149 2658 θρόνῳ
2179 2599 2302 2654 Διός,
2343 2606 2502 2646 παθεῖν

239 2678 316 2725 τὸν
346 2679 570 2736 ἔρξαντα.»
606 2678 681 2721 cfr.
713 2680 856 2733 Agam.
889 2689 925 2717 v.
960 2675 1089 2725 ⁴553,
1125 2674 1255 2728 ..5243
1290 2674 1474 2733 choeph.
1508 2690 1544 2717 v,
1575 2674 1652 2716 3111
1690 2690 1751 2732 sq.
1783 2701 1838 2707 —
1870 2678 2158 2734 Agamemnon
2180 2677 2353 2735 quidem
2376 2680 2499 2736 Aegi-

240 2757 401 2807 sthum,
435 2755 505 2813 qui
537 2752 652 2797 solus
685 2751 792 2809 patri
824 2759 1067 2807 supererat,
1107 2751 1253 2792 exsilio
1285 2751 1491 2796 multavit,
1533 2750 1609 2791 sed
1644 2750 1737 2793 haec
1768 2751 1893 2808 culpa
1925 2751 1980 2793 ad
2013 2752 2181 2795 caedem
2221 2754 2327 2797 illius
2367 2769 2498 2798 excu-

240 2832 416 2879 sandam
459 2844 544 2874 non
583 2826 750 2873 sufficit.
810 2826 995 2870 Postulat
1035 2827 1145 2870 enim
1188 2840 1258 2870 ars
1299 2827 1478 2885 tragica,
1524 2835 1569 2868 ut
1607 2827 1713 2869 inter
1753 2827 1922 2885 culpam
1961 2827 2138 2886 eiusque
2179 2843 2350 2885 poenam
2392 2832 2497 2874 iusta

240 2908 440 2969 quaedam
482 2904 722 2951 intercedat
763 2902 883 2947 ratio.
943 2903 1079 2956 Quam
1113 2904 1235 2962 igitur
1273 2918 1359 2962 quo
1392 2903 1583 2946 Alastore
1626 2903 1865 2960 pelliciente
1906 2905 2075 2962 culpam
2109 2906 2147 2947 in
2178 2921 2225 2949 se
2257 2909 2499 2966 congessit?

241 2985 426 3030 Vidimus
456 2999 552 3028 eum
584 2981 834 3040 flagrantem
877 2979 1103 3024 ulciscendi
1137 2989 1180 3024 et
1210 2980 1355 3039 gloriae
1397 2980 1650 3037 cupiditate,
1693 2981 1894 3039 insignem
1936 2982 2186 3026 crudelitate
2224 2983 2335 3026 haud
2378 2995 2498 3028 natu-

239 3063 335 3111 rali,
377 3060 626 3104 nutrientem
659 3055 943 3116 Chryseid'um
985 3070 1168 3102 amores.
1228 3057 1298 3100 llis
1330 3057 1439 3115 genii
1471 3056 1534 3100 sui
1564 3057 1738 3100 stimulis
1767 3058 2153 3118 irritationibusque
2185 3074 2267 3103 non
2299 3062 2499 3107 resistens

241 3147 422 3198 propter
462 3135 673 3180 infidelem
718 3132 1054 3191 dissolutamque
1096 3133 1315 3179 mulierem
1353 3133 1521 3177 stultam
1562 3142 1708 3176 contra
1750 3133 1915 3177 Troiam
1955 3134 2272 3194 expeditionem
2307 3139 2498 3197 suscipit,

241 3230 325 3275 qua
366 3224 412 3258 ut
442 3212 688 3261 absisteret,
731 3208 934 3267 prodigiis
974 3218 1162 3268 nutuque
1201 3209 1382 3255 deorum
1419 3210 1520 3254 satis
1558 3222 1776 3267 superque
1817 3210 1998 3254 monitus
2040 3220 2143 3255 erat.
2203 3212 2425 3257 Multorum
2459 3215 2500 3260 in
