2774 3741
1339 100 1452 143 ⁴9·

239 247 348 291 enim
379 244 515 285 iussus
546 248 609 284 est
640 240 760 283 matri
802 238 987 299 infligere
1031 249 1220 285 mortem.
1282 242 1323 284 Si
1357 242 1478 299 igitur
1509 241 1593 285 deo
1635 240 1816 291 iubenti,
1855 242 1946 299 qui,
1990 242 2090 299 quid
2132 242 2279 286 iustum
2322 243 2479 302 quidve

239 322 430 365 iniustum
463 317 530 366 sit,
571 316 663 373 ipso
696 316 842 360 melius
871 318 980 361 scire
1021 316 1173 365 debet.
1213 332 1375 361 morem
1413 319 1535 376 gerit,
1581 325 1696 361 recte
1739 318 1841 376 agit3
1883 319 1915 361 si
1950 334 2051 362 vero
2096 320 2238 362 matris
2276 320 2477 379 sanguine

241 392 537 455 profundendo
568 383 756 436 naturale
789 393 953 450 pietatis
984 393 1046 436 ius
1079 392 1220 444 violat,
1263 409 1345 437 non
1385 405 1502 437 recte
1545 395 1626 452 agit
1660 403 1702 437 et
1732 394 1869 451 culpae
1903 410 1999 438 reus
2031 404 2105 438 est.
2166 396 2245 448 Qui
2278 395 2376 438 dum
2408 396 2477 440 dei

241 473 452 515 voluntate
484 468 763 526 obsequendo
794 469 970 511 salutem
1011 466 1172 525 sperat,
1219 471 1431 512 Furiarum
1473 472 1723 527 permittitur
1762 472 2020 513 insectationi
2054 480 2096 513 et
2126 472 2230 515 dirae
2273 471 2479 515 obnoxius

241 548 283 590 fit
315 546 550 589 calamitati.
610 547 699 587 Heu
734 546 927 587 miseram
950 546 1141 601 stirpem,
1172 560 1269 603 qnae
1306 546 1479 589 «incidit
1499 548 1536 588 in
1560 547 1765 604 Scyllam,
1798 546 1897 588 dum
1919 548 2001 588 vult
2024 549 2152 590 vitare
2177 547 2472 606 Charybdinl»

241 623 361 674 Quis,
392 636 477 679 quo
509 621 600 663 finis
632 621 799 663 tandem
833 622 1091 663 miseriarum
1123 622 1191 669 sit,
1225 622 1332 663 inter
1362 622 1424 663 ius
1456 630 1497 663 et
1529 622 1696 678 culpam
1728 622 2014 679 disceptabit?
2067 624 2155 665 Non
2189 623 2332 666 hercle
2365 638 2475 666 mor-

240 699 379 741 talium
423 699 657 756 quisquam.
716 699 805 741 Hoc
847 700 921 741 nisi
963 698 1017 740 dii
1059 713 1140 741 non
1184 706 1369 755 possunt.
1442 700 1549 741 Ecce
1592 713 1724 741 novus
1777 700 1997 741 instituitur
2047 703 2312 758 Areopagus,
2359 702 2477 744 cuius

241 776 420 823 iudices,
452 776 484 816 si
517 789 598 816 non
640 775 715 831 ipsi
746 775 799 815 dii
839 782 952 823 sunt,
994 782 1183 816 atcerte
1226 775 1417 818 homines
1455 776 1594 816 animo
1631 789 1708 817 suo
1751 776 1928 817 deorum
1972 776 2220 817 consimiles.
2282 778 2475 827 Minerva,

241 863 522 907 compensans
556 852 615 891 ius
647 863 741 893 cum
775 850 920 906 culpa,
951 864 1027 892 suo
1059 851 1256 908 suffragio
1289 851 1470 893 iudicum
1504 859 1643 907 aequat
1674 852 1902 894 sententias
1934 864 2140 908 reumque
2173 853 2368 894 Orestem
2391 853 2477 894 cle-

243 926 537 984 mentiae¹lege
569 926 759 968 absolvit.
793 950 843 955 —
1013 913 1016 917 ’

359 1080 426 1121 Sic
458 1078 627 1121 tandem
668 1080 828 1120 animus
868 1086 1011 1120 noster
1052 1079 1352 1137 tranquillatur.
1413 1080 1514 1120 Nam
1558 1079 1683 1121 homo
1727 1093 1827 1122 vere
1870 1079 2006 1122 bonus
2039 1089 2080 1121 et
2113 1093 2364 1138 generosus,
2406 1081 2477 1137 qui

243 1157 382 1199 insons
413 1169 459 1198 se
491 1156 667 1198 deorum
701 1156 899 1199 voluntati
932 1156 1138 1211 permisit,
1171 1163 1212 1198 et
1243 1155 1421 1198 deorum
1454 1156 1582 1212 gratia
1616 1168 1665 1198 ac
1698 1157 1840 1199 favore
1873 1156 1995 1212 culpa
2030 1156 2242 1199 liberatur.
