2774 3741
1360 110 1412 152 ⁴3

258 251 377 294 addit
408 244 561 294 verba:
608 251 880 308 «iphigenia,
914 259 957 292 ut
987 249 1116 293 decet
1146 248 1292 299 filiam,
1325 249 1494 293 obviam
1528 249 1718 299 veniens.
1757 250 1870 306 apud
1903 249 2186 294 Acherontem
2219 250 2403 293 salutans
2435 263 2511 306 pa-

260 337 367 371 trem
401 338 444 370 et
474 327 669 384 amplexa
702 325 1005 370 osculabitur.»
1043 342 1078 369 v.
1113 325 1413 369 ⁴5¹4—4554.
1472 324 1533 368 Ad
1566 339 1664 382 quae
1697 325 1931 383 respondet
1961 324 2135 368 chorus:

837 435 839 438 Α
862 419 879 442 α
893 396 1054 452 ὄνειδος
1082 397 1173 456 ἥκει
1199 398 1287 445 τόδ’
1317 398 1406 445 ἀντ’
1436 398 1639 452 ὀνείδους.

889 476 1083 535 δύσμαχα
1112 474 1149 523 δ’
1179 476 1265 523 ἔστι
1293 481 1444 534 κρῖναι.

892 555 1010 611 φέρει
1040 552 1222 611 φέροντ’,
1251 555 1404 599 ἐκτίνει
1432 551 1468 597 δ’
1498 550 1522 597 ὁ
1552 555 1728 599 καίνων.

889 633 1026 687 μίμνει
1055 629 1123 685 δὲ,
1153 633 1379 688 μίμνοντος
1407 631 1455 675 ἑν
1483 629 1633 690 θρόνῳ
1664 629 1787 684 Διός,

887 711 1043 751 παθεῖν
1070 703 1148 751 τὸν
1177 707 1365 764 ἔρξαντα.
1395 707 1572 763 θέσμιον
1601 706 1725 763 γάρ.»
1764 722 1800 751 v.
1836 707 2134 750 t553-4557,

376 785 538 836 Quibus
570 784 712 828 verbis
744 799 826 826 non
857 784 992 827 solum
1024 785 1183 834 statuit,
1226 783 1396 827 difficile
1436 798 1532 827 esse
1573 783 1627 826 ad
1659 783 1995 832 diiudicandum,
2036 792 2129 826 uter
2171 793 2263 826 utro
2302 787 2507 828 maiorem

259 862 296 905 in
328 876 375 905 se
408 861 575 918 culpam
608 859 869 905 contraxisse
903 859 1110 910 videatur,
1156 874 1300 904 verum
1335 860 1459 903 etiam
1494 860 1630 918 legem
1664 859 1772 902 illam
1805 858 2009 907 divinam.
2049 873 2132 917 qua
2166 873 2243 917 par
2274 861 2363 917 pari
2396 862 2503 905 rese-

258 936 435 981 rendum
467 938 534 988 sit,
565 950 738 995 semper
769 944 964 980 constare
997 936 1214 994 praedicat.
1265 936 1405 987 Vides,
1438 937 1599 979 facinus
1621 949 1717 979 eum
1744 935 2085 994 reprehendere,
2118 950 2287 978 causam
2310 938 2508 980 facinoris

255 1021 467 1058 tacentem
499 1011 798 1071 comprobare.

377 1090 523 1147 Neque
568 1103 669 1149 vero
711 1088 1032 1148 Clytaemnestra
1087 1088 1411 1131 immolationem
1456 1087 1549 1131 filiae
1593 1088 1755 1132 unicam
1803 1087 1935 1131 caedis
1976 1102 2147 1131 causam
2184 1090 2318 1132 affert.
2381 1091 2505 1131 Nam:

259 1182 276 1205 α
295 1166 457 1215 lacet,»
494 1165 640 1224 inquit,
676 1180 693 1205 «
712 1164 800 1215 hic,
831 1165 901 1222 qui
928 1164 1025 1207 mihi
1058 1166 1201 1207 inussit
1229 1165 1494 1222 ignominiam
1519 1188 1575 1194 —
1596 1159 1799 1220 γυναικὸς
1827 1165 1949 1219 τῆςδε
1982 1164 2267 1221 λυμαντήριος
2289 1183 2366 1215 -ς
2399 1167 2508 1209 iacet

256 1241 537 1303 Cbryseidum
569 1250 666 1285 ante
700 1241 814 1284 llium
847 1240 1041 1298 voluptas
1064 1264 1116 1270 -
1140 1241 1399 1296 Χρυσηίδων
1427 1242 1619 1296 μείλιγμα
1647 1242 1736 1282 τῶν
1752 1236 1824 1282 ὑπ’
1853 1237 1958 1300 Ἰλίῳ
1980 1259 2056 1290 -,·
2088 1243 2197 1284 iacet
2219 1242 2313 1285 haec
2331 1257 2506 1301 quoque

257 1328 375 1362 vates
405 1319 592 1375 captiva.
625 1317 799 1361 huiusce
825 1318 1197 1375 (Agamemnonis)
1237 1317 1376 1374 pellex
1414 1317 1566 1361 [idelis.
1609 1318 1718 1360 iacet
1749 1319 1840 1359 eius
1870 1320 2058 1360 suavium
2092 1328 2133 1360 et
2166 1319 2261 1360 mihi
2294 1333 2395 1362 casu
2428 1334 2505 1361 suo

256 1394 501 1439 deliciarum
534 1393 746 1438 cumulum
779 1393 955 1437 attulit.»
993 1407 1029 1436 v.
1063 1392 1363 1437 4430—4440.

372 1471 480 1524 Quae
514 1470 645 1514 verba
677 1483 764 1527 quo
796 1469 969 1513 tendant
1009 1483 1134 1513 nemo
1179 1483 1260 1512 non
1292 1471 1522 1527 cognoscit.
1583 1470 1904 1529 Clytaemnestra
1938 1485 1983 1521 re
2017 1484 2115 1512 vera
2150 1479 2283 1527 putat,
2327 1472 2504 1515 Cassan-

254 1549 375 1591 dram
408 1547 732 1605 Agamemnonis
763 1560 858 1589 esse
890 1546 1169 1589 concubinam
1203 1555 1245 1588 et
1275 1560 1357 1589 non
1389 1546 1524 1589 solum
1559 1547 1751 1589 violatam
1786 1555 1984 1592 matrem.
2026 1548 2101 1589 sed
2146 1549 2270 1590 etiam
2314 1563 2503 1598 uxorem,

255 1625 477 1683 ignominia
518 1622 735 1672 affectam,
781 1621 1003 1666 ulciscitur.
1073 1620 1307 1682 Aeschylus
1350 1622 1471 1680 igitur
1513 1632 1648 1666 vatem
1692 1623 1902 1679 captivam
1941 1636 1994 1665 eo
2036 1622 2208 1666 consilio
2252 1624 2291 1666 in
2329 1637 2503 1667 scenam

256 1701 472 1759 produxit,
506 1708 549 1745 ut
580 1699 943 1758 Clytaemnestram
976 1699 1150 1741 stimulis
1178 1699 1333 1741 amoris
1366 1699 1596 1741 concitaret
1628 1708 1669 1741 et
1701 1699 1882 1755 geminae
1914 1699 2044 1742 caedis
2085 1699 2256 1742 causam
2299 1702 2505 1758 suppedi-

254 1785 375 1820 taret.
436 1780 721 1834 Agamemnon
762 1789 844 1817 non
885 1775 1018 1817 solum
1058 1783 1155 1817 ante
1197 1774 1311 1816 llium
1346 1776 1604 1829 Χρυσηΐδων
1642 1776 1834 1829 μείλιγμα
1874 1785 1954 1819 est,
1996 1790 2142 1818 verum
2182 1778 2308 1818 etiam
2342 1777 2380 1819 in
2414 1778 2505 1834 ipso

254 1853 390 1897 reditu
423 1866 506 1895 non
538 1860 696 1908 potest.
726 1851 826 1908 quin
858 1850 1075 1893 amoribus
1107 1851 1315 1893 inserviat.
1376 1851 1493 1893 Prior
1524 1852 1647 1908 igitur
1679 1865 1810 1893 uxore
1844 1852 1931 1893 iura
1963 1852 2194 1908 coniugalia
2214 1854 2394 1908 turpiter
2416 1855 2505 1897 vio-

255 1931 352 1972 lavit
384 1942 522 1985 eaque
556 1942 600 1970 re
633 1927 790 1976 effecit,
825 1935 868 1968 ut
898 1927 983 1978 illa,
1018 1927 1239 1983 ignominia
1272 1926 1443 1974 affecta,
1483 1941 1578 1969 cum
1610 1926 1809 1983 Aegistho
1840 1942 1886 1969 se
1921 1928 2206 1984 coniungeret.
2268 1930 2400 1972 Poeta
2432 1931 2504 1987 igi—

253 2016 320 2048 tur
350 2018 480 2061 quum
513 2003 877 2061 Clytaemnestram
910 2003 1051 2044 surore
1085 2002 1297 2044 incensam
1332 2010 1374 2044 et
1401 2001 1644 2058 abreptam,
1676 2003 1774 2059 quin
1798 2001 1909 2045 adeo
1930 2002 2037 2046 duro
2059 2012 2348 2061 protervoque
2366 2005 2506 2049 animo

253 2079 456 2124 imbutam
490 2078 528 2121 in
560 2078 653 2135 ipso
694 2078 880 2121 facinore
921 2076 1169 2135 gloriantem
1212 2077 1329 2125 fecit,
1372 2076 1585 2119 horrenda
1629 2077 1914 2135 magnitudine
1955 2088 1998 2120 et
2031 2088 2207 2121 matrem
2241 2089 2284 2121 et
2316 2095 2503 2129 uxorem.

253 2170 525 2214 summopere
557 2153 772 2201 afflictam.
805 2155 904 2197 satis
936 2154 1080 2197 hercle
1113 2155 1316 2212 tragicum
1349 2155 1579 2211 spirantem
1613 2154 1735 2197 nobis
1766 2154 1935 2198 effinxit.
1978 2155 2062 2198 Sed
2089 2155 2306 2199 videamus
2328 2158 2501 2216 reliqua.

373 2232 694 2294 Clytaemnestra
727 2231 891 2275 tertiam
924 2231 1049 2274 etiam
1082 2230 1212 2275 caedis
1250 2243 1420 2273 causam
1461 2231 1595 2274 affert.
1657 2232 1795 2284 Quum
1830 2234 1940 2275 enim
1972 2232 2128 2275 chorus
2158 2233 2266 2276 forte
2298 2223 2503 2279 daemonis

253 2310 470 2356 cuiusdam
504 2309 760 2352 mentionem
794 2309 911 2356 facit,
944 2309 1013 2365 qui
1048 2309 1085 2349 in
1118 2308 1236 2350 aedes
1268 2308 1405 2364 regias
1437 2308 1603 2365 irruerit
1634 2317 1677 2350 et
1709 2309 2020 2351 Tantalidarum
2054 2312 2180 2364 (Atrei
2213 2320 2256 2353 et
2288 2312 2499 2370 Thyestae)

252 2389 404 2432 fratres
444 2386 643 2429 invaserit
681 2393 722 2427 et
764 2385 978 2427 victoriam
1023 2386 1234 2440 paraverit
1272 2382 1453 2431 mulieri,
1496 2383 1840 2443 Clytaemnestra:
1893 2386 2047 2427 «Nunc
2089 2386 2318 2437 tandem2»
2362 2389 2500 2445 inquit,

255 2481 273 2504 α
292 2462 509 2508 correxisti
541 2461 625 2505 oris
654 2460 927 2509 sententiam,
959 2475 1087 2517 quum
1122 2460 1330 2516 ingentem
1355 2459 1474 2501 illum
1509 2458 1630 2502 huius
1660 2461 1796 2517 gentis
1827 2460 2068 2503 daemonem
2110 2460 2390 2517 (τριπάχυιον
2416 2465 2500 2505 δαί-

251 2556 359 2596 μονα
390 2541 413 2581 i.
445 2552 482 2581 e.
515 2551 593 2595 per
623 2538 698 2579 tria
729 2550 886 2594 genera
922 2536 1147 2584 valentem)
1180 2537 1356 2578 incuses.
1417 2535 1479 2578 Ab
1511 2549 1564 2578 eo
1607 2537 1717 2578 enim
1756 2538 2002 2594 sanguinem
2044 2538 2257 2582 lambendi
2295 2540 2499 2596 cupiditas

252 2618 290 2659 in
325 2613 558 2659 visceribus
596 2613 737 2659 alitur.
782 2621 844 2660 ut,
885 2620 1113 2669 antequam
1158 2619 1276 2653 vetus
1316 2610 1439 2653 dolor
1477 2612 1730 2655 decesserit.
1784 2628 1918 2655 novus
1965 2615 2133 2671 sanguis
2175 2615 2493 2670 profundatur.»

251 2707 288 2735 v.
321 2689 622 2734 ἨΜ-4473.
683 2689 874 2745 Cumque
906 2687 1063 2730 chorus
1095 2696 1210 2730 recte
1242 2686 1296 2728 ab
1330 2700 1381 2729 ea
1413 2686 1655 2730 daemonem
1698 2689 1810 2748 illurn
1851 2701 2227 2732 commemoratum
2260 2705 2353 2732 esse
2384 2690 2499 2735 dicat.

251 2780 332 2812 nec
363 2777 503 2810 tamen
537 2767 671 2808 minus
701 2764 757 2807 de
791 2778 912 2821 rege,
945 2764 1142 2806 insidiosa
1175 2763 1296 2805 clade
1321 2772 1538 2819 peremto,
1571 2774 1877 2822 conqueratur:
1913 2765 2075 2808 «Recte
2098 2765 2319 2822 quidem.»
2354 2766 2499 2824 inquit,

255 2844 396 2888 «hanc
427 2842 592 2887 caedem
626 2855 765 2884 meum
799 2855 895 2884 esse
928 2854 1036 2897 opus
1067 2838 1303 2888 contendis,
1348 2838 1425 2881 sed
1459 2839 1541 2882 noli
1575 2840 1655 2882 iam
1688 2855 1757 2884 me
1791 2856 1964 2884 uxorem
1996 2840 2317 2898 Agamemnonis
2347 2843 2500 2901 appel-

249 2920 350 2963 lare.
411 2920 514 2961 Nam
557 2927 677 2960 vetus
717 2916 784 2958 ille
826 2926 1061 2974 acutusque
1099 2915 1263 2958 Alastor
1292 2916 1423 2964 Atrei,
1466 2916 1536 2972 qui
1577 2915 1713 2960 dirum
1754 2917 1852 2960 illud
1890 2918 2124 2961 convivium
2165 2917 2280 2960 fratri
2324 2921 2500 2975 paravit,

250 2998 401 3040 mortui
433 2997 575 3038 uxoris
604 2994 746 3036 similis
774 2993 830 3035 ab
864 2993 946 3035 hoc
978 3007 1149 3050 poenam
1189 2994 1363 3049 expetiit
1394 3001 1437 3034 et
1469 2994 1602 3035 virum
1641 2994 1829 3036 adultum
1867 2993 2001 3035 filiolis
2041 2992 2234 3050 iugulatis
2264 2994 2499 3056 (Thyestae)

250 3073 522 3115 immolavit.»
569 3086 606 3113 v.
650 3069 968 3112 int-⁴496.
1029 3069 1192 3112 Chorus
1233 3068 1389 3111 deinde
1431 3069 1796 3128 Clytaemnestram
1836 3086 1918 3113 non
1961 3083 2115 3113 vacare
2154 3071 2331 3128 quidem
2373 3075 2499 3131 culpa

248 3148 366 3198 dicit,
397 3148 476 3192 sed
507 3156 648 3190 tamen
680 3146 895 3196 concedit,
928 3145 1018 3188 fleri
1046 3159 1191 3203 posse.
1233 3153 1278 3186 ut
1308 3145 1472 3188 Alastor
1501 3147 1588 3196 ille,
1627 3154 1899 3203 paternorum
1929 3146 2141 3188 scelerum
2185 3148 2362 3200 vindex,
2403 3164 2499 3194 eam

247 3224 467 3267 adiuverit.
536 3225 685 3280 Neque
728 3223 837 3266 enim
881 3222 1003 3264 facile
1044 3221 1156 3264 hunc
1193 3220 1434 3264 daemonem
1476 3237 1529 3265 ex
1571 3222 1735 3265 aedibus
1775 3222 1868 3264 eiici
1914 3236 2054 3277 posse.
2098 3238 2135 3266 v.
2178 3223 2500 3271 1498-Ἰὸοι
