<?xml version="1.0" encoding="UTF-8"?>
<!DOCTYPE html PUBLIC "-//W3C//DTD XHTML 1.0 Transitional//EN"
    "http://www.w3.org/TR/xhtml1/DTD/xhtml1-transitional.dtd">
<html xmlns="http://www.w3.org/1999/xhtml" xml:lang="en" lang="en">
 <head>
  <title>
</title>
<meta http-equiv="Content-Type" content="text/html;charset=utf-8" />
  <meta name='ocr-system' content='tesseract 3.04.00' />
  <meta name='ocr-capabilities' content='ocr_page ocr_carea ocr_par ocr_line ocrx_word'/>
</head>
<body>
  <div class='ocr_page' id='page_1' title='image "4770467_0017.png"; bbox 0 0 2774 3741; ppageno 0'>
   <div class='ocr_carea' id='block_1_1' title="bbox 1346 39 1392 82">
    <p class='ocr_par' dir='ltr' id='par_1_1' title="bbox 1346 39 1392 82">
     <span class='ocr_line' id='line_1_1' title="bbox 1346 39 1392 82; baseline 0 0"><span class='ocrx_word' id='word_1_1' title='bbox 1346 39 1392 82; x_wconf 72' lang='grc' dir='ltr'>’Μ</span> 
     </span>
    </p>
   </div>
   <div class='ocr_carea' id='block_1_2' title="bbox 186 180 2498 3135">
    <p class='ocr_par' dir='ltr' id='par_1_2' title="bbox 242 180 2493 2601">
     <span class='ocr_line' id='line_1_2' title="bbox 360 180 2493 238; baseline 0.002 -15"><span class='ocrx_word' id='word_1_2' title='bbox 360 181 462 223; x_wconf 88' lang='lat' dir='ltr'>Tum</span> <span class='ocrx_word' id='word_1_3' title='bbox 497 195 599 225; x_wconf 88' lang='lat' dir='ltr'>vero</span> <span class='ocrx_word' id='word_1_4' title='bbox 631 181 888 231; x_wconf 88' lang='lat' dir='ltr'>Cassandra,</span> <span class='ocrx_word' id='word_1_5' title='bbox 933 189 1050 224; x_wconf 83' lang='lat' dir='ltr'>vates</span> <span class='ocrx_word' id='word_1_6' title='bbox 1081 180 1146 223; x_wconf 91' lang='lat' dir='ltr'>illa</span> <span class='ocrx_word' id='word_1_7' title='bbox 1181 181 1355 229; x_wconf 86' lang='lat' dir='ltr'>misera,</span> <span class='ocrx_word' id='word_1_8' title='bbox 1394 190 1493 238; x_wconf 88' lang='lat' dir='ltr'>quae</span> <span class='ocrx_word' id='word_1_9' title='bbox 1525 180 1580 223; x_wconf 89' lang='lat' dir='ltr'>ab</span> <span class='ocrx_word' id='word_1_10' title='bbox 1613 181 1802 237; x_wconf 74' lang='lat' dir='ltr'><strong>Apolline</strong></span> <span class='ocrx_word' id='word_1_11' title='bbox 1845 182 2100 225; x_wconf 68' lang='lat' dir='ltr'>divinatione</span> <span class='ocrx_word' id='word_1_12' title='bbox 2138 183 2313 232; x_wconf 90' lang='lat' dir='ltr'>donata,</span> <span class='ocrx_word' id='word_1_13' title='bbox 2356 183 2493 228; x_wconf 84' lang='lat' dir='ltr'>futura</span> 
     </span>
     <span class='ocr_line' id='line_1_3' title="bbox 243 255 2493 315; baseline 0.001 -16"><span class='ocrx_word' id='word_1_14' title='bbox 243 256 352 299; x_wconf 87' lang='lat' dir='ltr'>mala</span> <span class='ocrx_word' id='word_1_15' title='bbox 383 271 558 313; x_wconf 91' lang='lat' dir='ltr'>semper</span> <span class='ocrx_word' id='word_1_16' title='bbox 589 258 719 306; x_wconf 89' lang='lat' dir='ltr'>canit,</span> <span class='ocrx_word' id='word_1_17' title='bbox 750 257 827 300; x_wconf 92' lang='lat' dir='ltr'>sed</span> <span class='ocrx_word' id='word_1_18' title='bbox 861 271 884 300; x_wconf 91' lang='lat' dir='ltr'>a</span> <span class='ocrx_word' id='word_1_19' title='bbox 917 258 1084 300; x_wconf 91' lang='lat' dir='ltr'>nemine</span> <span class='ocrx_word' id='word_1_20' title='bbox 1115 255 1243 300; x_wconf 84' lang='lat' dir='ltr'>fidem</span> <span class='ocrx_word' id='word_1_21' title='bbox 1274 255 1354 300; x_wconf 84' lang='lat' dir='ltr'>sibi</span> <span class='ocrx_word' id='word_1_22' title='bbox 1375 257 1603 300; x_wconf 88' lang='lat' dir='ltr'>conciliare</span> <span class='ocrx_word' id='word_1_23' title='bbox 1627 270 1768 313; x_wconf 91' lang='lat' dir='ltr'>neque</span> <span class='ocrx_word' id='word_1_24' title='bbox 1791 258 2090 307; x_wconf 86' lang='lat' dir='ltr'>calamitatem,</span> <span class='ocrx_word' id='word_1_25' title='bbox 2123 272 2249 315; x_wconf 91' lang='lat' dir='ltr'>quam</span> <span class='ocrx_word' id='word_1_26' title='bbox 2273 259 2493 315; x_wconf 69' lang='lat' dir='ltr'>praevidet,</span> 
     </span>
     <span class='ocr_line' id='line_1_4' title="bbox 242 331 2493 391; baseline 0.002 -16"><span class='ocrx_word' id='word_1_27' title='bbox 242 347 529 376; x_wconf 87' lang='lat' dir='ltr'>averruncare</span> <span class='ocrx_word' id='word_1_28' title='bbox 562 342 718 391; x_wconf 87' lang='lat' dir='ltr'>potest,</span> <span class='ocrx_word' id='word_1_29' title='bbox 749 333 871 391; x_wconf 85' lang='lat' dir='ltr'>quasi</span> <span class='ocrx_word' id='word_1_30' title='bbox 902 333 988 375; x_wconf 87' lang='lat' dir='ltr'>acri</span> <span class='ocrx_word' id='word_1_31' title='bbox 1020 331 1214 376; x_wconf 92' lang='lat' dir='ltr'>dolorum</span> <span class='ocrx_word' id='word_1_32' title='bbox 1247 347 1388 376; x_wconf 90' lang='lat' dir='ltr'>morsu</span> <span class='ocrx_word' id='word_1_33' title='bbox 1421 332 1628 380; x_wconf 90' lang='lat' dir='ltr'>cruciata,</span> <span class='ocrx_word' id='word_1_34' title='bbox 1660 333 1713 374; x_wconf 90' lang='lat' dir='ltr'>ad</span> <span class='ocrx_word' id='word_1_35' title='bbox 1747 331 1928 377; x_wconf 87' lang='lat' dir='ltr'>lamenta</span> <span class='ocrx_word' id='word_1_36' title='bbox 1963 349 2178 391; x_wconf 91' lang='lat' dir='ltr'>vocesque</span> <span class='ocrx_word' id='word_1_37' title='bbox 2213 343 2295 377; x_wconf 90' lang='lat' dir='ltr'>tam</span> <span class='ocrx_word' id='word_1_38' title='bbox 2319 335 2493 379; x_wconf 86' lang='lat' dir='ltr'>misera-</span> 
     </span>
     <span class='ocr_line' id='line_1_5' title="bbox 244 407 2493 466; baseline 0.001 -16"><span class='ocrx_word' id='word_1_39' title='bbox 244 410 350 450; x_wconf 86' lang='lat' dir='ltr'>biles</span> <span class='ocrx_word' id='word_1_40' title='bbox 382 410 573 451; x_wconf 89' lang='lat' dir='ltr'>edendas</span> <span class='ocrx_word' id='word_1_41' title='bbox 603 412 741 466; x_wconf 90' lang='lat' dir='ltr'>aperit</span> <span class='ocrx_word' id='word_1_42' title='bbox 773 423 867 457; x_wconf 89' lang='lat' dir='ltr'>ora,</span> <span class='ocrx_word' id='word_1_43' title='bbox 901 419 943 449; x_wconf 89' lang='lat' dir='ltr'>ut</span> <span class='ocrx_word' id='word_1_44' title='bbox 977 409 1040 450; x_wconf 84' lang='lat' dir='ltr'>vel</span> <span class='ocrx_word' id='word_1_45' title='bbox 1073 423 1219 451; x_wconf 91' lang='lat' dir='ltr'>sanum</span> <span class='ocrx_word' id='word_1_46' title='bbox 1252 407 1370 450; x_wconf 85' lang='lat' dir='ltr'>chori</span> <span class='ocrx_word' id='word_1_47' title='bbox 1401 410 1583 450; x_wconf 88' lang='lat' dir='ltr'>animum</span> <span class='ocrx_word' id='word_1_48' title='bbox 1618 410 1827 464; x_wconf 81' lang='lat' dir='ltr'>percutiat</span> <span class='ocrx_word' id='word_1_49' title='bbox 1857 419 1984 466; x_wconf 87' lang='lat' dir='ltr'>atque</span> <span class='ocrx_word' id='word_1_50' title='bbox 2017 421 2273 454; x_wconf 82' lang='lat' dir='ltr'>consternet.</span> <span class='ocrx_word' id='word_1_51' title='bbox 2318 416 2375 453; x_wconf 83' lang='lat' dir='ltr'>Ac</span> <span class='ocrx_word' id='word_1_52' title='bbox 2408 412 2493 466; x_wconf 87' lang='lat' dir='ltr'>pri-</span> 
     </span>
     <span class='ocr_line' id='line_1_6' title="bbox 243 483 2493 542; baseline 0.002 -17"><span class='ocrx_word' id='word_1_53' title='bbox 243 499 354 526; x_wconf 90' lang='lat' dir='ltr'>mum</span> <span class='ocrx_word' id='word_1_54' title='bbox 387 485 558 542; x_wconf 90' lang='lat' dir='ltr'>quidem</span> <span class='ocrx_word' id='word_1_55' title='bbox 591 485 689 526; x_wconf 84' lang='lat' dir='ltr'>iden</span> <span class='ocrx_word' id='word_1_56' title='bbox 711 484 821 526; x_wconf 87' lang='lat' dir='ltr'>idem</span> <span class='ocrx_word' id='word_1_57' title='bbox 855 485 1110 541; x_wconf 82' lang='lat' dir='ltr'>Apollinem,</span> <span class='ocrx_word' id='word_1_58' title='bbox 1150 498 1277 541; x_wconf 87' lang='lat' dir='ltr'>quem</span> <span class='ocrx_word' id='word_1_59' title='bbox 1310 498 1388 526; x_wconf 92' lang='lat' dir='ltr'>suo</span> <span class='ocrx_word' id='word_1_60' title='bbox 1421 483 1615 525; x_wconf 67' lang='lat' dir='ltr'>fefellerit</span> <span class='ocrx_word' id='word_1_61' title='bbox 1656 498 1823 530; x_wconf 84' lang='lat' dir='ltr'>amore,</span> <span class='ocrx_word' id='word_1_62' title='bbox 1866 499 1982 527; x_wconf 88' lang='lat' dir='ltr'>suam</span> <span class='ocrx_word' id='word_1_63' title='bbox 2021 487 2208 542; x_wconf 86' lang='lat' dir='ltr'>appellat</span> <span class='ocrx_word' id='word_1_64' title='bbox 2248 489 2493 542; x_wconf 83' lang='lat' dir='ltr'>perniciem.</span> 
     </span>
     <span class='ocr_line' id='line_1_7' title="bbox 246 559 2490 609; baseline 0.001 -7"><span class='ocrx_word' id='word_1_65' title='bbox 246 559 407 603; x_wconf 87' lang='lat' dir='ltr'>Deinde</span> <span class='ocrx_word' id='word_1_66' title='bbox 440 575 561 609; x_wconf 90' lang='lat' dir='ltr'>vero,</span> <span class='ocrx_word' id='word_1_67' title='bbox 595 560 665 603; x_wconf 90' lang='lat' dir='ltr'>ubi</span> <span class='ocrx_word' id='word_1_68' title='bbox 697 573 720 602; x_wconf 92' lang='lat' dir='ltr'>a</span> <span class='ocrx_word' id='word_1_69' title='bbox 754 560 887 603; x_wconf 87' lang='lat' dir='ltr'>choro</span> <span class='ocrx_word' id='word_1_70' title='bbox 919 561 1075 603; x_wconf 91' lang='lat' dir='ltr'>certior</span> <span class='ocrx_word' id='word_1_71' title='bbox 1107 560 1214 602; x_wconf 81' lang='lat' dir='ltr'>facta</span> <span class='ocrx_word' id='word_1_72' title='bbox 1248 567 1329 609; x_wconf 85' lang='lat' dir='ltr'>est,</span> <span class='ocrx_word' id='word_1_73' title='bbox 1370 573 1417 602; x_wconf 88' lang='lat' dir='ltr'>se</span> <span class='ocrx_word' id='word_1_74' title='bbox 1449 559 1501 600; x_wconf 84' lang='lat' dir='ltr'>ad</span> <span class='ocrx_word' id='word_1_75' title='bbox 1536 560 1654 601; x_wconf 80' lang='lat' dir='ltr'>aedes</span> <span class='ocrx_word' id='word_1_76' title='bbox 1686 560 1920 602; x_wconf 80' lang='lat' dir='ltr'>Atridarum</span> <span class='ocrx_word' id='word_1_77' title='bbox 1963 563 2145 604; x_wconf 88' lang='lat' dir='ltr'>venisse:</span> <span class='ocrx_word' id='word_1_78' title='bbox 2191 564 2281 604; x_wconf 78' lang='lat' dir='ltr'>«Ad</span> <span class='ocrx_word' id='word_1_79' title='bbox 2316 564 2490 605; x_wconf 86' lang='lat' dir='ltr'>domum</span> 
     </span>
     <span class='ocr_line' id='line_1_8' title="bbox 244 627 2491 695; baseline 0.002 -19"><span class='ocrx_word' id='word_1_80' title='bbox 244 637 378 695; x_wconf 85' lang='lat' dir='ltr'>igitur,</span> <span class='ocrx_word' id='word_1_81' title='bbox 398 654 415 674; x_wconf 71' lang='grc' dir='ltr'>ι)</span> <span class='ocrx_word' id='word_1_82' title='bbox 453 637 603 695; x_wconf 86' lang='lat' dir='ltr'>inquit,</span> <span class='ocrx_word' id='word_1_83' title='bbox 639 636 751 678; x_wconf 86' lang='lat' dir='ltr'>«diis</span> <span class='ocrx_word' id='word_1_84' title='bbox 783 636 995 681; x_wconf 84' lang='lat' dir='ltr'>odiosam,</span> <span class='ocrx_word' id='word_1_85' title='bbox 1028 635 1209 677; x_wconf 88' lang='lat' dir='ltr'>caedium</span> <span class='ocrx_word' id='word_1_86' title='bbox 1236 627 1320 676; x_wconf 77' lang='lat' dir='ltr'>&#39;sibi</span> <span class='ocrx_word' id='word_1_87' title='bbox 1353 636 1582 680; x_wconf 86' lang='lat' dir='ltr'>consciam.</span> <span class='ocrx_word' id='word_1_88' title='bbox 1614 637 1816 692; x_wconf 89' lang='lat' dir='ltr'>sanguine</span> <span class='ocrx_word' id='word_1_89' title='bbox 1850 637 2221 679; x_wconf 76' lang='lat' dir='ltr'>redundantem?»</span> <span class='ocrx_word' id='word_1_90' title='bbox 2259 654 2294 680; x_wconf 84' lang='lat' dir='ltr'>V.</span> <span class='ocrx_word' id='word_1_91' title='bbox 2320 640 2491 680; x_wconf 63' lang='lat'><strong>4082-</strong></span> 
     </span>
     <span class='ocr_line' id='line_1_9' title="bbox 245 710 2489 772; baseline 0.002 -19"><span class='ocrx_word' id='word_1_92' title='bbox 245 712 369 755; x_wconf 64' lang='lat'>4085.</span> <span class='ocrx_word' id='word_1_93' title='bbox 399 726 402 729; x_wconf 65' lang='grc'><strong><em>’</em></strong></span> <span class='ocrx_word' id='word_1_94' title='bbox 432 713 534 753; x_wconf 89' lang='lat' dir='ltr'>Tum</span> <span class='ocrx_word' id='word_1_95' title='bbox 568 726 725 770; x_wconf 89' lang='lat' dir='ltr'>pueros</span> <span class='ocrx_word' id='word_1_96' title='bbox 757 713 977 772; x_wconf 75' lang='lat' dir='ltr'>Thyestae,</span> <span class='ocrx_word' id='word_1_97' title='bbox 1019 712 1183 754; x_wconf 87' lang='lat' dir='ltr'>caedem</span> <span class='ocrx_word' id='word_1_98' title='bbox 1225 725 1345 753; x_wconf 92' lang='lat' dir='ltr'>suam</span> <span class='ocrx_word' id='word_1_99' title='bbox 1387 710 1595 753; x_wconf 80' lang='lat' dir='ltr'>deflentes</span> <span class='ocrx_word' id='word_1_100' title='bbox 1636 720 1679 753; x_wconf 85' lang='lat' dir='ltr'>et</span> <span class='ocrx_word' id='word_1_101' title='bbox 1709 725 1882 754; x_wconf 90' lang='lat' dir='ltr'>carnem</span> <span class='ocrx_word' id='word_1_102' title='bbox 1921 721 2102 754; x_wconf 82' lang='lat' dir='ltr'>assatam</span> <span class='ocrx_word' id='word_1_103' title='bbox 2136 723 2178 755; x_wconf 88' lang='lat' dir='ltr'>et</span> <span class='ocrx_word' id='word_1_104' title='bbox 2208 728 2231 754; x_wconf 93' lang='lat' dir='ltr'>a</span> <span class='ocrx_word' id='word_1_105' title='bbox 2265 725 2383 769; x_wconf 90' lang='lat' dir='ltr'>patre</span> <span class='ocrx_word' id='word_1_106' title='bbox 2415 729 2489 757; x_wconf 90' lang='lat' dir='ltr'>co-</span> 
     </span>
     <span class='ocr_line' id='line_1_10' title="bbox 244 787 2486 846; baseline 0.001 -15"><span class='ocrx_word' id='word_1_107' title='bbox 244 802 403 832; x_wconf 89' lang='lat' dir='ltr'>mesam</span> <span class='ocrx_word' id='word_1_108' title='bbox 436 789 688 846; x_wconf 79' lang='lat' dir='ltr'>conspicere</span> <span class='ocrx_word' id='word_1_109' title='bbox 718 790 796 832; x_wconf 89' lang='lat' dir='ltr'>sibi</span> <span class='ocrx_word' id='word_1_110' title='bbox 831 788 1011 831; x_wconf 83' lang='lat' dir='ltr'>videtur.</span> <span class='ocrx_word' id='word_1_111' title='bbox 1071 789 1200 831; x_wconf 88' lang='lat' dir='ltr'>Paulo</span> <span class='ocrx_word' id='word_1_112' title='bbox 1232 796 1328 845; x_wconf 90' lang='lat' dir='ltr'>post</span> <span class='ocrx_word' id='word_1_113' title='bbox 1366 787 1635 836; x_wconf 81' lang='lat' dir='ltr'>exclamanti,</span> <span class='ocrx_word' id='word_1_114' title='bbox 1676 787 1774 845; x_wconf 89' lang='lat' dir='ltr'>quid</span> <span class='ocrx_word' id='word_1_115' title='bbox 1818 803 1940 831; x_wconf 86' lang='lat' dir='ltr'>novae</span> <span class='ocrx_word' id='word_1_116' title='bbox 1980 789 2227 832; x_wconf 83' lang='lat' dir='ltr'>calamitatis</span> <span class='ocrx_word' id='word_1_117' title='bbox 2269 792 2415 833; x_wconf 87' lang='lat' dir='ltr'>mulier</span> <span class='ocrx_word' id='word_1_118' title='bbox 2447 793 2486 833; x_wconf 90' lang='lat' dir='ltr'>in</span> 
     </span>
     <span class='ocr_line' id='line_1_11' title="bbox 244 864 2489 926; baseline 0 -17"><span class='ocrx_word' id='word_1_119' title='bbox 244 864 410 909; x_wconf 86' lang='lat' dir='ltr'>aedibus</span> <span class='ocrx_word' id='word_1_120' title='bbox 442 865 656 915; x_wconf 86' lang='lat' dir='ltr'>moliatur,</span> <span class='ocrx_word' id='word_1_121' title='bbox 701 866 818 909; x_wconf 89' lang='lat' dir='ltr'>cuius</span> <span class='ocrx_word' id='word_1_122' title='bbox 850 865 999 923; x_wconf 87' lang='lat' dir='ltr'>procul</span> <span class='ocrx_word' id='word_1_123' title='bbox 1029 866 1081 907; x_wconf 84' lang='lat' dir='ltr'>sit</span> <span class='ocrx_word' id='word_1_124' title='bbox 1109 865 1312 923; x_wconf 82' lang='lat' dir='ltr'>defensor</span> <span class='ocrx_word' id='word_1_125' title='bbox 1342 865 1593 917; x_wconf 84' lang='lat' dir='ltr'>(Orestes),</span> <span class='ocrx_word' id='word_1_126' title='bbox 1635 865 1791 906; x_wconf 90' lang='lat' dir='ltr'>chorus</span> <span class='ocrx_word' id='word_1_127' title='bbox 1823 866 2073 922; x_wconf 85' lang='lat' dir='ltr'>respondet,</span> <span class='ocrx_word' id='word_1_128' title='bbox 2115 880 2161 908; x_wconf 91' lang='lat' dir='ltr'>se</span> <span class='ocrx_word' id='word_1_129' title='bbox 2194 867 2288 926; x_wconf 83' lang='lat' dir='ltr'>haec</span> <span class='ocrx_word' id='word_1_130' title='bbox 2319 869 2489 924; x_wconf 89' lang='lat' dir='ltr'>quidem</span> 
     </span>
     <span class='ocr_line' id='line_1_12' title="bbox 245 940 2490 1000; baseline 0.001 -16"><span class='ocrx_word' id='word_1_131' title='bbox 245 942 437 985; x_wconf 86' lang='lat' dir='ltr'>vaticinia</span> <span class='ocrx_word' id='word_1_132' title='bbox 472 956 553 986; x_wconf 91' lang='lat' dir='ltr'>non</span> <span class='ocrx_word' id='word_1_133' title='bbox 586 941 837 1000; x_wconf 87' lang='lat' dir='ltr'>intelligere,</span> <span class='ocrx_word' id='word_1_134' title='bbox 877 942 942 984; x_wconf 90' lang='lat' dir='ltr'>illa</span> <span class='ocrx_word' id='word_1_135' title='bbox 978 956 1099 991; x_wconf 90' lang='lat' dir='ltr'>vero,</span> <span class='ocrx_word' id='word_1_136' title='bbox 1140 955 1237 999; x_wconf 85' lang='lat' dir='ltr'>quae</span> <span class='ocrx_word' id='word_1_137' title='bbox 1269 942 1420 984; x_wconf 84' lang='lat' dir='ltr'>dixerit</span> <span class='ocrx_word' id='word_1_138' title='bbox 1451 940 1506 983; x_wconf 90' lang='lat' dir='ltr'>de</span> <span class='ocrx_word' id='word_1_139' title='bbox 1539 941 1738 1000; x_wconf 70' lang='lat' dir='ltr'>Thyestae</span> <span class='ocrx_word' id='word_1_140' title='bbox 1770 944 1929 998; x_wconf 84' lang='lat' dir='ltr'>pueris.</span> <span class='ocrx_word' id='word_1_141' title='bbox 1974 944 2053 984; x_wconf 87' lang='lat' dir='ltr'>iam</span> <span class='ocrx_word' id='word_1_142' title='bbox 2094 945 2280 995; x_wconf 86' lang='lat' dir='ltr'>novisse;</span> <span class='ocrx_word' id='word_1_143' title='bbox 2323 945 2377 987; x_wconf 92' lang='lat' dir='ltr'>de</span> <span class='ocrx_word' id='word_1_144' title='bbox 2411 945 2490 987; x_wconf 89' lang='lat' dir='ltr'>hac</span> 
     </span>
     <span class='ocr_line' id='line_1_13' title="bbox 245 1015 2491 1077; baseline 0.001 -15"><span class='ocrx_word' id='word_1_145' title='bbox 245 1018 355 1063; x_wconf 89' lang='lat' dir='ltr'>enim</span> <span class='ocrx_word' id='word_1_146' title='bbox 390 1032 435 1062; x_wconf 92' lang='lat' dir='ltr'>re</span> <span class='ocrx_word' id='word_1_147' title='bbox 469 1026 597 1062; x_wconf 86' lang='lat' dir='ltr'>totam</span> <span class='ocrx_word' id='word_1_148' title='bbox 631 1017 817 1063; x_wconf 86' lang='lat' dir='ltr'>clamare</span> <span class='ocrx_word' id='word_1_149' title='bbox 850 1016 1012 1061; x_wconf 88' lang='lat' dir='ltr'>urbem.</span> <span class='ocrx_word' id='word_1_150' title='bbox 1045 1031 1081 1061; x_wconf 93' lang='lat' dir='ltr'>v.</span> <span class='ocrx_word' id='word_1_151' title='bbox 1116 1015 1429 1061; x_wconf 44' lang='lat' dir='ltr'>[tuat—1097.</span> <span class='ocrx_word' id='word_1_152' title='bbox 1490 1016 1584 1070; x_wconf 90' lang='lat' dir='ltr'>Quo</span> <span class='ocrx_word' id='word_1_153' title='bbox 1618 1016 1728 1061; x_wconf 81' lang='lat' dir='ltr'>facto</span> <span class='ocrx_word' id='word_1_154' title='bbox 1761 1017 2016 1068; x_wconf 89' lang='lat' dir='ltr'>Cassandra,</span> <span class='ocrx_word' id='word_1_155' title='bbox 2056 1031 2137 1077; x_wconf 89' lang='lat' dir='ltr'>qua</span> <span class='ocrx_word' id='word_1_156' title='bbox 2184 1020 2343 1063; x_wconf 89' lang='lat' dir='ltr'>ratione</span> <span class='ocrx_word' id='word_1_157' title='bbox 2387 1033 2491 1064; x_wconf 83' lang='lat' dir='ltr'>uxor</span> 
     </span>
     <span class='ocr_line' id='line_1_14' title="bbox 245 1092 2491 1144; baseline 0 -5"><span class='ocrx_word' id='word_1_158' title='bbox 245 1094 504 1139; x_wconf 89' lang='lat' dir='ltr'>trucidatura</span> <span class='ocrx_word' id='word_1_159' title='bbox 536 1095 587 1138; x_wconf 88' lang='lat' dir='ltr'>sit</span> <span class='ocrx_word' id='word_1_160' title='bbox 619 1095 829 1144; x_wconf 87' lang='lat' dir='ltr'>maritum,</span> <span class='ocrx_word' id='word_1_161' title='bbox 861 1094 984 1137; x_wconf 89' lang='lat' dir='ltr'>animi</span> <span class='ocrx_word' id='word_1_162' title='bbox 1016 1094 1164 1137; x_wconf 90' lang='lat' dir='ltr'>videns</span> <span class='ocrx_word' id='word_1_163' title='bbox 1195 1095 1308 1142; x_wconf 88' lang='lat' dir='ltr'>acie,</span> <span class='ocrx_word' id='word_1_164' title='bbox 1342 1094 1381 1136; x_wconf 95' lang='lat' dir='ltr'>in</span> <span class='ocrx_word' id='word_1_165' title='bbox 1414 1092 1567 1136; x_wconf 90' lang='lat' dir='ltr'>balneo</span> <span class='ocrx_word' id='word_1_166' title='bbox 1599 1106 1694 1136; x_wconf 92' lang='lat' dir='ltr'>eum</span> <span class='ocrx_word' id='word_1_167' title='bbox 1729 1094 2005 1137; x_wconf 83' lang='lat' dir='ltr'>inextricabili</span> <span class='ocrx_word' id='word_1_168' title='bbox 2028 1095 2228 1137; x_wconf 87' lang='lat' dir='ltr'>irretitum</span> <span class='ocrx_word' id='word_1_169' title='bbox 2254 1096 2491 1139; x_wconf 78' lang='lat' dir='ltr'>velamento</span> 
     </span>
     <span class='ocr_line' id='line_1_15' title="bbox 245 1169 2491 1230; baseline 0.001 -16"><span class='ocrx_word' id='word_1_170' title='bbox 245 1171 492 1214; x_wconf 86' lang='lat' dir='ltr'>moriturum</span> <span class='ocrx_word' id='word_1_171' title='bbox 524 1185 619 1213; x_wconf 88' lang='lat' dir='ltr'>esse</span> <span class='ocrx_word' id='word_1_172' title='bbox 654 1171 900 1214; x_wconf 87' lang='lat' dir='ltr'>vaticinatur</span> <span class='ocrx_word' id='word_1_173' title='bbox 929 1183 1134 1227; x_wconf 88' lang='lat' dir='ltr'>suamque</span> <span class='ocrx_word' id='word_1_174' title='bbox 1168 1170 1295 1227; x_wconf 89' lang='lat' dir='ltr'>ipsius</span> <span class='ocrx_word' id='word_1_175' title='bbox 1326 1178 1504 1213; x_wconf 88' lang='lat' dir='ltr'>mortem</span> <span class='ocrx_word' id='word_1_176' title='bbox 1538 1169 1765 1213; x_wconf 85' lang='lat' dir='ltr'>clarissime</span> <span class='ocrx_word' id='word_1_177' title='bbox 1805 1170 2008 1227; x_wconf 88' lang='lat' dir='ltr'>praedicit.</span> <span class='ocrx_word' id='word_1_178' title='bbox 2072 1172 2173 1213; x_wconf 89' lang='lat' dir='ltr'>Tum</span> <span class='ocrx_word' id='word_1_179' title='bbox 2209 1186 2350 1222; x_wconf 87' lang='lat' dir='ltr'>suam,</span> <span class='ocrx_word' id='word_1_180' title='bbox 2393 1186 2491 1230; x_wconf 83' lang='lat' dir='ltr'>quae</span> 
     </span>
     <span class='ocr_line' id='line_1_16' title="bbox 244 1244 2493 1302; baseline 0.001 -13"><span class='ocrx_word' id='word_1_181' title='bbox 244 1259 354 1289; x_wconf 92' lang='lat' dir='ltr'>nunc</span> <span class='ocrx_word' id='word_1_182' title='bbox 385 1247 453 1296; x_wconf 90' lang='lat' dir='ltr'>sit,</span> <span class='ocrx_word' id='word_1_183' title='bbox 493 1254 650 1289; x_wconf 88' lang='lat' dir='ltr'>sortem</span> <span class='ocrx_word' id='word_1_184' title='bbox 684 1245 930 1302; x_wconf 85' lang='lat' dir='ltr'>deplorans,</span> <span class='ocrx_word' id='word_1_185' title='bbox 975 1258 1136 1288; x_wconf 90' lang='lat' dir='ltr'>memor</span> <span class='ocrx_word' id='word_1_186' title='bbox 1168 1245 1353 1302; x_wconf 86' lang='lat' dir='ltr'>pristinae</span> <span class='ocrx_word' id='word_1_187' title='bbox 1385 1244 1609 1294; x_wconf 80' lang='lat' dir='ltr'>felicitatiS,</span> <span class='ocrx_word' id='word_1_188' title='bbox 1642 1245 1800 1288; x_wconf 81' lang='lat' dir='ltr'>Paridis</span> <span class='ocrx_word' id='word_1_189' title='bbox 1831 1247 1996 1302; x_wconf 85' lang='lat' dir='ltr'>nuptias</span> <span class='ocrx_word' id='word_1_190' title='bbox 2028 1247 2214 1290; x_wconf 83' lang='lat' dir='ltr'>exitiales</span> <span class='ocrx_word' id='word_1_191' title='bbox 2251 1260 2493 1299; x_wconf 82' lang='lat' dir='ltr'>exsecrans,</span> 
     </span>
     <span class='ocr_line' id='line_1_17' title="bbox 243 1311 2491 1380; baseline 0.001 -15"><span class='ocrx_word' id='word_1_192' title='bbox 243 1322 297 1365; x_wconf 89' lang='lat' dir='ltr'>ad</span> <span class='ocrx_word' id='word_1_193' title='bbox 332 1322 580 1366; x_wconf 80' lang='lat' dir='ltr'>Acherontis</span> <span class='ocrx_word' id='word_1_194' title='bbox 611 1323 723 1378; x_wconf 86' lang='lat' dir='ltr'>ripas</span> <span class='ocrx_word' id='word_1_195' title='bbox 753 1336 849 1364; x_wconf 89' lang='lat' dir='ltr'>sese</span> <span class='ocrx_word' id='word_1_196' title='bbox 883 1336 978 1364; x_wconf 82' lang='lat' dir='ltr'>mox</span> <span class='ocrx_word' id='word_1_197' title='bbox 1010 1321 1325 1364; x_wconf 77' lang='lat' dir='ltr'>vaticinaturam</span> <span class='ocrx_word' id='word_1_198' title='bbox 1358 1335 1454 1364; x_wconf 89' lang='lat' dir='ltr'>esse</span> <span class='ocrx_word' id='word_1_199' title='bbox 1485 1315 1676 1378; x_wconf 80' lang='lat' dir='ltr'>queritur</span> <span class='ocrx_word' id='word_1_200' title='bbox 1702 1320 1904 1379; x_wconf 87' lang='lat' dir='ltr'>additque</span> <span class='ocrx_word' id='word_1_201' title='bbox 1932 1311 2073 1380; x_wconf 89' lang='lat' dir='ltr'>gravia</span> <span class='ocrx_word' id='word_1_202' title='bbox 2107 1322 2253 1371; x_wconf 88' lang='lat' dir='ltr'>verba,</span> <span class='ocrx_word' id='word_1_203' title='bbox 2286 1338 2339 1367; x_wconf 86' lang='lat' dir='ltr'>ex</span> <span class='ocrx_word' id='word_1_204' title='bbox 2362 1323 2491 1373; x_wconf 87' lang='lat' dir='ltr'>hisce,</span> 
     </span>
     <span class='ocr_line' id='line_1_18' title="bbox 245 1395 2493 1457; baseline 0 -15"><span class='ocrx_word' id='word_1_205' title='bbox 245 1411 351 1457; x_wconf 89' lang='lat' dir='ltr'>quas</span> <span class='ocrx_word' id='word_1_206' title='bbox 384 1397 545 1449; x_wconf 86' lang='lat' dir='ltr'>videat,</span> <span class='ocrx_word' id='word_1_207' title='bbox 577 1396 742 1441; x_wconf 61' lang='lat' dir='ltr'>aedibus</span> <span class='ocrx_word' id='word_1_208' title='bbox 774 1397 1050 1451; x_wconf 83' lang='lat' dir='ltr'>(Atridarum)</span> <span class='ocrx_word' id='word_1_209' title='bbox 1083 1409 1295 1455; x_wconf 89' lang='lat' dir='ltr'>nunquam</span> <span class='ocrx_word' id='word_1_210' title='bbox 1326 1395 1536 1440; x_wconf 91' lang='lat' dir='ltr'>secedere</span> <span class='ocrx_word' id='word_1_211' title='bbox 1570 1396 1730 1443; x_wconf 80' lang='lat' dir='ltr'>Furias.</span> <span class='ocrx_word' id='word_1_212' title='bbox 1762 1396 1837 1440; x_wconf 85' lang='lat' dir='ltr'>sed</span> <span class='ocrx_word' id='word_1_213' title='bbox 1870 1398 2073 1456; x_wconf 90' lang='lat' dir='ltr'>sanguine</span> <span class='ocrx_word' id='word_1_214' title='bbox 2105 1397 2287 1442; x_wconf 90' lang='lat' dir='ltr'>humano</span> <span class='ocrx_word' id='word_1_215' title='bbox 2309 1398 2493 1443; x_wconf 86' lang='lat' dir='ltr'>inebria-</span> 
     </span>
     <span class='ocr_line' id='line_1_19' title="bbox 244 1469 2493 1532; baseline 0 -15"><span class='ocrx_word' id='word_1_216' title='bbox 244 1483 308 1517; x_wconf 91' lang='lat' dir='ltr'>tas</span> <span class='ocrx_word' id='word_1_217' title='bbox 338 1472 590 1530; x_wconf 78' lang='grc' dir='ltr'><strong><em>πρώταρχον</em></strong></span> <span class='ocrx_word' id='word_1_218' title='bbox 618 1469 725 1528; x_wconf 76' lang='grc' dir='ltr'><em>ἄτην</em></span> <span class='ocrx_word' id='word_1_219' title='bbox 755 1488 929 1530; x_wconf 82' lang='lat' dir='ltr'>semper</span> <span class='ocrx_word' id='word_1_220' title='bbox 960 1487 1114 1517; x_wconf 87' lang='lat' dir='ltr'>canere</span> <span class='ocrx_word' id='word_1_221' title='bbox 1148 1474 1170 1516; x_wconf 92' lang='lat' dir='ltr'>i.</span> <span class='ocrx_word' id='word_1_222' title='bbox 1203 1487 1240 1517; x_wconf 91' lang='lat' dir='ltr'>e.</span> <span class='ocrx_word' id='word_1_223' title='bbox 1272 1473 1472 1532; x_wconf 73' lang='lat' dir='ltr'>Thyestae</span> <span class='ocrx_word' id='word_1_224' title='bbox 1504 1486 1600 1516; x_wconf 91' lang='lat' dir='ltr'>cum</span> <span class='ocrx_word' id='word_1_225' title='bbox 1633 1477 1816 1530; x_wconf 86' lang='lat' dir='ltr'>Aeropa,</span> <span class='ocrx_word' id='word_1_226' title='bbox 1849 1477 1960 1517; x_wconf 84' lang='lat' dir='ltr'>Atrei</span> <span class='ocrx_word' id='word_1_227' title='bbox 1993 1489 2144 1523; x_wconf 89' lang='lat' dir='ltr'>uxore,</span> <span class='ocrx_word' id='word_1_228' title='bbox 2175 1476 2428 1518; x_wconf 87' lang='lat' dir='ltr'>adulterium</span> <span class='ocrx_word' id='word_1_229' title='bbox 2449 1485 2493 1519; x_wconf 87' lang='lat' dir='ltr'>et</span> 
     </span>
     <span class='ocr_line' id='line_1_20' title="bbox 245 1549 2491 1607; baseline 0.001 -13"><span class='ocrx_word' id='word_1_230' title='bbox 245 1552 356 1595; x_wconf 84' lang='lat' dir='ltr'>Atrei</span> <span class='ocrx_word' id='word_1_231' title='bbox 388 1550 646 1594; x_wconf 90' lang='lat' dir='ltr'>horrendum</span> <span class='ocrx_word' id='word_1_232' title='bbox 680 1550 850 1593; x_wconf 78' lang='lat' dir='ltr'>facinus.</span> <span class='ocrx_word' id='word_1_233' title='bbox 884 1565 919 1593; x_wconf 78' lang='lat' dir='ltr'>v.</span> <span class='ocrx_word' id='word_1_234' title='bbox 955 1549 1266 1593; x_wconf 78' lang='grc'><strong>1097-1186,</strong></span> <span class='ocrx_word' id='word_1_235' title='bbox 1326 1550 1417 1594; x_wconf 90' lang='lat' dir='ltr'>Non</span> <span class='ocrx_word' id='word_1_236' title='bbox 1451 1549 1579 1592; x_wconf 89' lang='lat' dir='ltr'>multo</span> <span class='ocrx_word' id='word_1_237' title='bbox 1613 1559 1710 1607; x_wconf 88' lang='lat' dir='ltr'>post</span> <span class='ocrx_word' id='word_1_238' title='bbox 1739 1551 1888 1593; x_wconf 90' lang='lat' dir='ltr'>iterum</span> <span class='ocrx_word' id='word_1_239' title='bbox 1921 1565 2078 1607; x_wconf 86' lang='lat' dir='ltr'>pueros</span> <span class='ocrx_word' id='word_1_240' title='bbox 2109 1551 2271 1595; x_wconf 74' lang='lat' dir='ltr'>aedibus</span> <span class='ocrx_word' id='word_1_241' title='bbox 2303 1553 2491 1596; x_wconf 88' lang='lat' dir='ltr'>assiden—</span> 
     </span>
     <span class='ocr_line' id='line_1_21' title="bbox 246 1625 2491 1685; baseline 0.001 -15"><span class='ocrx_word' id='word_1_242' title='bbox 246 1636 330 1675; x_wconf 86' lang='lat' dir='ltr'>tes,</span> <span class='ocrx_word' id='word_1_243' title='bbox 373 1641 545 1670; x_wconf 87' lang='lat' dir='ltr'>carnem</span> <span class='ocrx_word' id='word_1_244' title='bbox 577 1641 719 1677; x_wconf 90' lang='lat' dir='ltr'>suam,</span> <span class='ocrx_word' id='word_1_245' title='bbox 761 1641 784 1668; x_wconf 87' lang='lat' dir='ltr'>a</span> <span class='ocrx_word' id='word_1_246' title='bbox 819 1636 938 1684; x_wconf 88' lang='lat' dir='ltr'>patre</span> <span class='ocrx_word' id='word_1_247' title='bbox 970 1636 1197 1685; x_wconf 80' lang='lat' dir='ltr'>gustatam,</span> <span class='ocrx_word' id='word_1_248' title='bbox 1240 1625 1432 1669; x_wconf 89' lang='lat' dir='ltr'>manibus</span> <span class='ocrx_word' id='word_1_249' title='bbox 1471 1634 1664 1673; x_wconf 83' lang='lat' dir='ltr'>tenentes</span> <span class='ocrx_word' id='word_1_250' title='bbox 1701 1628 1919 1684; x_wconf 86' lang='lat' dir='ltr'>conspicit.</span> <span class='ocrx_word' id='word_1_251' title='bbox 1979 1627 2079 1670; x_wconf 90' lang='lat' dir='ltr'>Inde</span> <span class='ocrx_word' id='word_1_252' title='bbox 2112 1630 2167 1670; x_wconf 89' lang='lat' dir='ltr'>ait</span> <span class='ocrx_word' id='word_1_253' title='bbox 2198 1628 2306 1676; x_wconf 84' lang='lat' dir='ltr'>fieri,</span> <span class='ocrx_word' id='word_1_254' title='bbox 2349 1639 2393 1672; x_wconf 89' lang='lat' dir='ltr'>ut</span> <span class='ocrx_word' id='word_1_255' title='bbox 2424 1631 2491 1674; x_wconf 89' lang='lat' dir='ltr'>leo</span> 
     </span>
     <span class='ocr_line' id='line_1_22' title="bbox 246 1702 2489 1763; baseline 0.001 -16"><span class='ocrx_word' id='word_1_256' title='bbox 246 1704 416 1762; x_wconf 84' lang='lat' dir='ltr'>quidam</span> <span class='ocrx_word' id='word_1_257' title='bbox 449 1704 635 1752; x_wconf 86' lang='lat' dir='ltr'>timidus.</span> <span class='ocrx_word' id='word_1_258' title='bbox 669 1704 781 1746; x_wconf 91' lang='lat' dir='ltr'>domi</span> <span class='ocrx_word' id='word_1_259' title='bbox 814 1703 1034 1752; x_wconf 78' lang='lat' dir='ltr'>desidetis,</span> <span class='ocrx_word' id='word_1_260' title='bbox 1080 1704 1116 1744; x_wconf 93' lang='lat' dir='ltr'>in</span> <span class='ocrx_word' id='word_1_261' title='bbox 1151 1704 1261 1746; x_wconf 89' lang='lat' dir='ltr'>lecto</span> <span class='ocrx_word' id='word_1_262' title='bbox 1303 1702 1454 1761; x_wconf 83' lang='lat' dir='ltr'>geniali</span> <span class='ocrx_word' id='word_1_263' title='bbox 1485 1703 1848 1760; x_wconf 81' lang='lat' dir='ltr'>(Agamemnonis)</span> <span class='ocrx_word' id='word_1_264' title='bbox 1882 1703 2087 1746; x_wconf 85' lang='lat' dir='ltr'>volutatus</span> <span class='ocrx_word' id='word_1_265' title='bbox 2118 1705 2397 1763; x_wconf 78' lang='lat' dir='ltr'>(Aegisthus)</span> <span class='ocrx_word' id='word_1_266' title='bbox 2432 1707 2489 1749; x_wconf 88' lang='lat' dir='ltr'>ul-</span> 
     </span>
     <span class='ocr_line' id='line_1_23' title="bbox 246 1779 2491 1839; baseline 0.001 -17"><span class='ocrx_word' id='word_1_267' title='bbox 246 1782 400 1823; x_wconf 91' lang='lat' dir='ltr'>tionem</span> <span class='ocrx_word' id='word_1_268' title='bbox 436 1781 616 1823; x_wconf 88' lang='lat' dir='ltr'>venienti</span> <span class='ocrx_word' id='word_1_269' title='bbox 648 1780 817 1823; x_wconf 90' lang='lat' dir='ltr'>domino</span> <span class='ocrx_word' id='word_1_270' title='bbox 849 1795 927 1822; x_wconf 91' lang='lat' dir='ltr'>suo</span> <span class='ocrx_word' id='word_1_271' title='bbox 960 1780 1185 1822; x_wconf 87' lang='lat' dir='ltr'>meditetur</span> <span class='ocrx_word' id='word_1_272' title='bbox 1217 1788 1258 1822; x_wconf 88' lang='lat' dir='ltr'>et</span> <span class='ocrx_word' id='word_1_273' title='bbox 1290 1788 1521 1823; x_wconf 89' lang='lat' dir='ltr'>monstrum</span> <span class='ocrx_word' id='word_1_274' title='bbox 1555 1779 1769 1835; x_wconf 84' lang='lat' dir='ltr'>quoddam</span> <span class='ocrx_word' id='word_1_275' title='bbox 1805 1781 1976 1822; x_wconf 85' lang='lat' dir='ltr'>invisum</span> <span class='ocrx_word' id='word_1_276' title='bbox 2001 1781 2360 1839; x_wconf 59' lang='lat' dir='ltr'>(Clytaemnestra)</span> <span class='ocrx_word' id='word_1_277' title='bbox 2391 1797 2491 1838; x_wconf 86' lang='lat' dir='ltr'>spe-</span> 
     </span>
     <span class='ocr_line' id='line_1_24' title="bbox 246 1855 2488 1912; baseline 0 -12"><span class='ocrx_word' id='word_1_278' title='bbox 246 1859 354 1900; x_wconf 90' lang='lat' dir='ltr'>ciem</span> <span class='ocrx_word' id='word_1_279' title='bbox 387 1857 542 1899; x_wconf 85' lang='lat' dir='ltr'>laetitiae</span> <span class='ocrx_word' id='word_1_280' title='bbox 574 1856 631 1898; x_wconf 82' lang='lat' dir='ltr'>ol)</span> <span class='ocrx_word' id='word_1_281' title='bbox 665 1857 798 1898; x_wconf 90' lang='lat' dir='ltr'>mariti</span> <span class='ocrx_word' id='word_1_282' title='bbox 832 1855 1011 1898; x_wconf 91' lang='lat' dir='ltr'>reditum</span> <span class='ocrx_word' id='word_1_283' title='bbox 1043 1855 1208 1898; x_wconf 85' lang='lat' dir='ltr'>felicem</span> <span class='ocrx_word' id='word_1_284' title='bbox 1243 1870 1332 1912; x_wconf 89' lang='lat' dir='ltr'>prae</span> <span class='ocrx_word' id='word_1_285' title='bbox 1364 1870 1411 1898; x_wconf 91' lang='lat' dir='ltr'>se</span> <span class='ocrx_word' id='word_1_286' title='bbox 1443 1855 1584 1898; x_wconf 87' lang='lat' dir='ltr'>ferens</span> <span class='ocrx_word' id='word_1_287' title='bbox 1624 1855 1737 1898; x_wconf 87' lang='lat' dir='ltr'>soeda</span> <span class='ocrx_word' id='word_1_288' title='bbox 1782 1856 1965 1899; x_wconf 80' lang='lat' dir='ltr'>facinora</span> <span class='ocrx_word' id='word_1_289' title='bbox 2005 1857 2208 1900; x_wconf 86' lang='lat' dir='ltr'>moliatur.</span> <span class='ocrx_word' id='word_1_290' title='bbox 2251 1873 2286 1901; x_wconf 87' lang='lat' dir='ltr'>v.</span> <span class='ocrx_word' id='word_1_291' title='bbox 2322 1858 2488 1901; x_wconf 66' lang='grc'>1206-</span> 
     </span>
     <span class='ocr_line' id='line_1_25' title="bbox 248 1929 2491 1991; baseline 0.001 -16"><span class='ocrx_word' id='word_1_292' title='bbox 248 1933 372 1975; x_wconf 71' lang='lat'><strong>4230.</strong></span> <span class='ocrx_word' id='word_1_293' title='bbox 434 1934 571 1984; x_wconf 91' lang='lat' dir='ltr'>Quum</span> <span class='ocrx_word' id='word_1_294' title='bbox 604 1941 745 1974; x_wconf 90' lang='lat' dir='ltr'>autem</span> <span class='ocrx_word' id='word_1_295' title='bbox 779 1932 935 1974; x_wconf 86' lang='lat' dir='ltr'>chorus</span> <span class='ocrx_word' id='word_1_296' title='bbox 965 1946 1012 1974; x_wconf 91' lang='lat' dir='ltr'>se</span> <span class='ocrx_word' id='word_1_297' title='bbox 1046 1931 1244 1990; x_wconf 76' lang='lat' dir='ltr'>Thyestae</span> <span class='ocrx_word' id='word_1_298' title='bbox 1276 1930 1424 1988; x_wconf 86' lang='lat' dir='ltr'>epulas</span> <span class='ocrx_word' id='word_1_299' title='bbox 1456 1946 1506 1973; x_wconf 88' lang='lat' dir='ltr'>ex</span> <span class='ocrx_word' id='word_1_300' title='bbox 1540 1929 1715 1973; x_wconf 85' lang='lat' dir='ltr'>filiorum</span> <span class='ocrx_word' id='word_1_301' title='bbox 1750 1945 1878 1974; x_wconf 91' lang='lat' dir='ltr'>earne</span> <span class='ocrx_word' id='word_1_302' title='bbox 1911 1941 2079 1988; x_wconf 89' lang='lat' dir='ltr'>paratas</span> <span class='ocrx_word' id='word_1_303' title='bbox 2112 1933 2364 1991; x_wconf 83' lang='lat' dir='ltr'>intelligere,</span> <span class='ocrx_word' id='word_1_304' title='bbox 2398 1935 2491 1978; x_wconf 93' lang='lat' dir='ltr'>reli-</span> 
     </span>
     <span class='ocr_line' id='line_1_26' title="bbox 245 2007 2492 2067; baseline 0.001 -16"><span class='ocrx_word' id='word_1_305' title='bbox 245 2024 328 2067; x_wconf 91' lang='lat' dir='ltr'>qua</span> <span class='ocrx_word' id='word_1_306' title='bbox 362 2024 443 2051; x_wconf 90' lang='lat' dir='ltr'>non</span> <span class='ocrx_word' id='word_1_307' title='bbox 477 2008 708 2065; x_wconf 87' lang='lat' dir='ltr'>intelligere</span> <span class='ocrx_word' id='word_1_308' title='bbox 742 2008 871 2057; x_wconf 90' lang='lat' dir='ltr'>dicat,</span> <span class='ocrx_word' id='word_1_309' title='bbox 905 2007 1159 2057; x_wconf 86' lang='lat' dir='ltr'>Cassandra;</span> <span class='ocrx_word' id='word_1_310' title='bbox 1197 2008 1606 2064; x_wconf 83' lang='lat' dir='ltr'>«Agamemnonis»,</span> <span class='ocrx_word' id='word_1_311' title='bbox 1641 2009 1787 2064; x_wconf 85' lang='lat' dir='ltr'>iuquit,</span> <span class='ocrx_word' id='word_1_312' title='bbox 1824 2008 2020 2051; x_wconf 86' lang='lat' dir='ltr'>«caedem</span> <span class='ocrx_word' id='word_1_313' title='bbox 2055 2008 2261 2052; x_wconf 82' lang='lat' dir='ltr'>videbis.»</span> <span class='ocrx_word' id='word_1_314' title='bbox 2301 2026 2335 2052; x_wconf 73' lang='grc' dir='ltr'>ν.</span> <span class='ocrx_word' id='word_1_315' title='bbox 2369 2010 2492 2054; x_wconf 66' lang='lat'><strong>⁴238.</strong></span> 
     </span>
     <span class='ocr_line' id='line_1_27' title="bbox 248 2074 2491 2142; baseline 0.001 -15"><span class='ocrx_word' id='word_1_316' title='bbox 248 2088 349 2128; x_wconf 90' lang='lat' dir='ltr'>Tum</span> <span class='ocrx_word' id='word_1_317' title='bbox 393 2074 667 2142; x_wconf 85' lang='lat' dir='ltr'>interrogata,</span> <span class='ocrx_word' id='word_1_318' title='bbox 711 2085 804 2141; x_wconf 87' lang='lat' dir='ltr'>quis</span> <span class='ocrx_word' id='word_1_319' title='bbox 843 2084 1010 2126; x_wconf 89' lang='lat' dir='ltr'>tandem</span> <span class='ocrx_word' id='word_1_320' title='bbox 1054 2083 1136 2126; x_wconf 90' lang='lat' dir='ltr'>tale</span> <span class='ocrx_word' id='word_1_321' title='bbox 1178 2083 1337 2125; x_wconf 83' lang='lat' dir='ltr'>facinus</span> <span class='ocrx_word' id='word_1_322' title='bbox 1380 2090 1618 2139; x_wconf 83' lang='lat' dir='ltr'>patraturus</span> <span class='ocrx_word' id='word_1_323' title='bbox 1648 2084 1719 2125; x_wconf 87' lang='lat' dir='ltr'>sit:</span> <span class='ocrx_word' id='word_1_324' title='bbox 1767 2084 1986 2140; x_wconf 78' lang='lat' dir='ltr'>«Bipes»,</span> <span class='ocrx_word' id='word_1_325' title='bbox 2029 2086 2176 2141; x_wconf 86' lang='lat' dir='ltr'>inquit,</span> <span class='ocrx_word' id='word_1_326' title='bbox 2224 2086 2322 2127; x_wconf 82' lang='lat' dir='ltr'>«illa</span> <span class='ocrx_word' id='word_1_327' title='bbox 2356 2087 2491 2129; x_wconf 86' lang='lat' dir='ltr'>leaena</span> 
     </span>
     <span class='ocr_line' id='line_1_28' title="bbox 245 2159 2490 2224; baseline 0.001 -20"><span class='ocrx_word' id='word_1_328' title='bbox 245 2162 609 2220; x_wconf 67' lang='lat' dir='ltr'>(Clytaemnestra)</span> <span class='ocrx_word' id='word_1_329' title='bbox 652 2174 745 2202; x_wconf 90' lang='lat' dir='ltr'>cum</span> <span class='ocrx_word' id='word_1_330' title='bbox 787 2159 887 2217; x_wconf 91' lang='lat' dir='ltr'>lupo</span> <span class='ocrx_word' id='word_1_331' title='bbox 925 2159 1163 2217; x_wconf 82' lang='lat' dir='ltr'>(Aegistho)</span> <span class='ocrx_word' id='word_1_332' title='bbox 1196 2159 1356 2202; x_wconf 90' lang='lat' dir='ltr'>cubans</span> <span class='ocrx_word' id='word_1_333' title='bbox 1388 2169 1430 2201; x_wconf 90' lang='lat' dir='ltr'>et</span> <span class='ocrx_word' id='word_1_334' title='bbox 1460 2174 1714 2216; x_wconf 83' lang='lat' dir='ltr'>generosum</span> <span class='ocrx_word' id='word_1_335' title='bbox 1755 2159 1865 2202; x_wconf 89' lang='lat' dir='ltr'>illum</span> <span class='ocrx_word' id='word_1_336' title='bbox 1899 2160 2065 2203; x_wconf 90' lang='lat' dir='ltr'>leonem</span> <span class='ocrx_word' id='word_1_337' title='bbox 2100 2163 2490 2224; x_wconf 65' lang='lat' dir='ltr'>(Agamemnonem)</span> 
     </span>
     <span class='ocr_line' id='line_1_29' title="bbox 247 2234 2492 2293; baseline 0 -12"><span class='ocrx_word' id='word_1_338' title='bbox 247 2246 290 2281; x_wconf 89' lang='lat' dir='ltr'>et</span> <span class='ocrx_word' id='word_1_339' title='bbox 322 2251 388 2280; x_wconf 87' lang='lat' dir='ltr'>me</span> <span class='ocrx_word' id='word_1_340' title='bbox 421 2238 578 2293; x_wconf 85' lang='lat' dir='ltr'>ipsam,</span> <span class='ocrx_word' id='word_1_341' title='bbox 610 2236 724 2293; x_wconf 82' lang='lat' dir='ltr'>quod</span> <span class='ocrx_word' id='word_1_342' title='bbox 759 2250 825 2277; x_wconf 91' lang='lat' dir='ltr'>me</span> <span class='ocrx_word' id='word_1_343' title='bbox 859 2235 1052 2291; x_wconf 88' lang='lat' dir='ltr'>pellicem</span> <span class='ocrx_word' id='word_1_344' title='bbox 1085 2234 1327 2282; x_wconf 84' lang='lat' dir='ltr'>adduxerit,</span> <span class='ocrx_word' id='word_1_345' title='bbox 1359 2234 1584 2277; x_wconf 84' lang='lat' dir='ltr'>vindictam</span> <span class='ocrx_word' id='word_1_346' title='bbox 1617 2250 1789 2277; x_wconf 86' lang='lat' dir='ltr'>sumens</span> <span class='ocrx_word' id='word_1_347' title='bbox 1821 2235 2089 2278; x_wconf 85' lang='lat' dir='ltr'>trucidabit.»</span> <span class='ocrx_word' id='word_1_348' title='bbox 2129 2253 2165 2279; x_wconf 87' lang='lat' dir='ltr'>v.</span> <span class='ocrx_word' id='word_1_349' title='bbox 2198 2237 2492 2282; x_wconf 68' lang='lat'>1250—1256.</span> 
     </span>
     <span class='ocr_line' id='line_1_30' title="bbox 249 2311 2492 2372; baseline 0.001 -15"><span class='ocrx_word' id='word_1_350' title='bbox 249 2315 438 2372; x_wconf 88' lang='lat' dir='ltr'>Denique</span> <span class='ocrx_word' id='word_1_351' title='bbox 469 2321 693 2370; x_wconf 86' lang='lat' dir='ltr'>postquam</span> <span class='ocrx_word' id='word_1_352' title='bbox 727 2326 807 2355; x_wconf 91' lang='lat' dir='ltr'>nec</span> <span class='ocrx_word' id='word_1_353' title='bbox 838 2322 973 2355; x_wconf 88' lang='lat' dir='ltr'>semet</span> <span class='ocrx_word' id='word_1_354' title='bbox 1014 2313 1147 2368; x_wconf 86' lang='lat' dir='ltr'>ipsam</span> <span class='ocrx_word' id='word_1_355' title='bbox 1187 2325 1327 2368; x_wconf 87' lang='lat' dir='ltr'>neque</span> <span class='ocrx_word' id='word_1_356' title='bbox 1360 2315 1715 2368; x_wconf 75' lang='lat' dir='ltr'>Agamemnonem</span> <span class='ocrx_word' id='word_1_357' title='bbox 1758 2311 1908 2355; x_wconf 90' lang='lat' dir='ltr'>inultos</span> <span class='ocrx_word' id='word_1_358' title='bbox 1954 2314 2197 2358; x_wconf 87' lang='lat' dir='ltr'>morituros.</span> <span class='ocrx_word' id='word_1_359' title='bbox 2239 2315 2322 2358; x_wconf 90' lang='lat' dir='ltr'>imo</span> <span class='ocrx_word' id='word_1_360' title='bbox 2365 2316 2492 2359; x_wconf 88' lang='lat' dir='ltr'>caedis</span> 
     </span>
     <span class='ocr_line' id='line_1_31' title="bbox 248 2388 2491 2446; baseline 0.001 -13"><span class='ocrx_word' id='word_1_361' title='bbox 248 2400 468 2433; x_wconf 86' lang='lat' dir='ltr'>venturum</span> <span class='ocrx_word' id='word_1_362' title='bbox 501 2404 596 2432; x_wconf 90' lang='lat' dir='ltr'>esse</span> <span class='ocrx_word' id='word_1_363' title='bbox 629 2388 858 2439; x_wconf 88' lang='lat' dir='ltr'>vindicem,</span> <span class='ocrx_word' id='word_1_364' title='bbox 899 2388 969 2446; x_wconf 88' lang='lat' dir='ltr'>qui</span> <span class='ocrx_word' id='word_1_365' title='bbox 1007 2388 1288 2432; x_wconf 88' lang='lat' dir='ltr'>calamitatum</span> <span class='ocrx_word' id='word_1_366' title='bbox 1329 2389 1483 2431; x_wconf 90' lang='lat' dir='ltr'>seriem</span> <span class='ocrx_word' id='word_1_367' title='bbox 1526 2388 1744 2431; x_wconf 89' lang='lat' dir='ltr'>clausurus</span> <span class='ocrx_word' id='word_1_368' title='bbox 1774 2390 1846 2438; x_wconf 86' lang='lat' dir='ltr'>sit,</span> <span class='ocrx_word' id='word_1_369' title='bbox 1891 2391 2108 2433; x_wconf 84' lang='lat' dir='ltr'>vaticinata</span> <span class='ocrx_word' id='word_1_370' title='bbox 2143 2400 2226 2437; x_wconf 84' lang='lat' dir='ltr'>est,</span> <span class='ocrx_word' id='word_1_371' title='bbox 2270 2393 2348 2434; x_wconf 89' lang='lat' dir='ltr'>iam</span> <span class='ocrx_word' id='word_1_372' title='bbox 2382 2393 2491 2435; x_wconf 89' lang='lat' dir='ltr'>nullo</span> 
     </span>
     <span class='ocr_line' id='line_1_32' title="bbox 246 2456 2492 2520; baseline 0 -10"><span class='ocrx_word' id='word_1_373' title='bbox 246 2468 364 2510; x_wconf 90' lang='lat' dir='ltr'>chori</span> <span class='ocrx_word' id='word_1_374' title='bbox 396 2467 553 2508; x_wconf 88' lang='lat' dir='ltr'>monitu</span> <span class='ocrx_word' id='word_1_375' title='bbox 585 2456 769 2513; x_wconf 81' lang='lat' dir='ltr'>retenta,</span> <span class='ocrx_word' id='word_1_376' title='bbox 810 2464 930 2507; x_wconf 87' lang='lat' dir='ltr'>firmo</span> <span class='ocrx_word' id='word_1_377' title='bbox 963 2466 1102 2508; x_wconf 89' lang='lat' dir='ltr'>animo</span> <span class='ocrx_word' id='word_1_378' title='bbox 1133 2473 1311 2508; x_wconf 87' lang='lat' dir='ltr'>mortem</span> <span class='ocrx_word' id='word_1_379' title='bbox 1355 2473 1628 2520; x_wconf 81' lang='lat' dir='ltr'>exspectans.</span> <span class='ocrx_word' id='word_1_380' title='bbox 1671 2466 1766 2508; x_wconf 87' lang='lat' dir='ltr'>vitae</span> <span class='ocrx_word' id='word_1_381' title='bbox 1809 2465 2004 2509; x_wconf 82' lang='lat' dir='ltr'>humanae</span> <span class='ocrx_word' id='word_1_382' title='bbox 2048 2468 2350 2511; x_wconf 83' lang='lat' dir='ltr'>vicissitudines</span> <span class='ocrx_word' id='word_1_383' title='bbox 2392 2483 2492 2511; x_wconf 86' lang='lat' dir='ltr'>eon-</span> 
     </span>
     <span class='ocr_line' id='line_1_33' title="bbox 247 2539 2243 2601; baseline 0 -15"><span class='ocrx_word' id='word_1_384' title='bbox 247 2551 415 2601; x_wconf 88' lang='lat' dir='ltr'>questa:</span> <span class='ocrx_word' id='word_1_385' title='bbox 451 2543 647 2590; x_wconf 85' lang='lat' dir='ltr'>«Satis»,</span> <span class='ocrx_word' id='word_1_386' title='bbox 681 2541 828 2598; x_wconf 88' lang='lat' dir='ltr'>inquit,</span> <span class='ocrx_word' id='word_1_387' title='bbox 864 2559 880 2580; x_wconf 89' lang='lat'>«</span> <span class='ocrx_word' id='word_1_388' title='bbox 901 2542 1054 2584; x_wconf 86' lang='lat' dir='ltr'>vietum</span> <span class='ocrx_word' id='word_1_389' title='bbox 1088 2550 1181 2583; x_wconf 88' lang='lat' dir='ltr'>est»</span> <span class='ocrx_word' id='word_1_390' title='bbox 1219 2550 1261 2584; x_wconf 89' lang='lat' dir='ltr'>et</span> <span class='ocrx_word' id='word_1_391' title='bbox 1292 2541 1331 2583; x_wconf 91' lang='lat' dir='ltr'>in</span> <span class='ocrx_word' id='word_1_392' title='bbox 1365 2539 1563 2597; x_wconf 88' lang='lat' dir='ltr'>palatium</span> <span class='ocrx_word' id='word_1_393' title='bbox 1596 2540 1842 2599; x_wconf 86' lang='lat' dir='ltr'>digreditur.</span> <span class='ocrx_word' id='word_1_394' title='bbox 1876 2557 1912 2585; x_wconf 91' lang='lat' dir='ltr'>v.</span> <span class='ocrx_word' id='word_1_395' title='bbox 1949 2541 2243 2586; x_wconf 40' lang='lat' dir='ltr'>‘lese-1322.</span> 
     </span>
    </p>

    <p class='ocr_par' dir='ltr' id='par_1_3' title="bbox 186 2616 2498 3135">
     <span class='ocr_line' id='line_1_34' title="bbox 362 2616 2482 2678; baseline 0.002 -17"><span class='ocrx_word' id='word_1_396' title='bbox 362 2620 494 2662; x_wconf 87' lang='lat' dir='ltr'>Recte</span> <span class='ocrx_word' id='word_1_397' title='bbox 526 2618 594 2661; x_wconf 89' lang='lat' dir='ltr'>hic</span> <span class='ocrx_word' id='word_1_398' title='bbox 625 2618 846 2674; x_wconf 73' lang='lat' dir='ltr'>quaeritur,</span> <span class='ocrx_word' id='word_1_399' title='bbox 887 2616 986 2673; x_wconf 92' lang='lat' dir='ltr'>quid</span> <span class='ocrx_word' id='word_1_400' title='bbox 1025 2617 1103 2660; x_wconf 92' lang='lat' dir='ltr'>sibi</span> <span class='ocrx_word' id='word_1_401' title='bbox 1138 2617 1233 2660; x_wconf 90' lang='lat' dir='ltr'>velit</span> <span class='ocrx_word' id='word_1_402' title='bbox 1265 2617 1502 2660; x_wconf 89' lang='lat' dir='ltr'>Cassandra</span> <span class='ocrx_word' id='word_1_403' title='bbox 1544 2626 1586 2660; x_wconf 90' lang='lat' dir='ltr'>et</span> <span class='ocrx_word' id='word_1_404' title='bbox 1624 2632 1825 2674; x_wconf 88' lang='lat' dir='ltr'>quorsum</span> <span class='ocrx_word' id='word_1_405' title='bbox 1868 2620 1956 2661; x_wconf 91' lang='lat' dir='ltr'>eius</span> <span class='ocrx_word' id='word_1_406' title='bbox 1996 2629 2190 2675; x_wconf 86' lang='lat' dir='ltr'>specteut</span> <span class='ocrx_word' id='word_1_407' title='bbox 2228 2620 2310 2662; x_wconf 86' lang='lat' dir='ltr'>visa</span> <span class='ocrx_word' id='word_1_408' title='bbox 2353 2631 2482 2678; x_wconf 90' lang='lat' dir='ltr'>atque</span> 
     </span>
     <span class='ocr_line' id='line_1_35' title="bbox 247 2685 2495 2749; baseline 0.001 -12"><span class='ocrx_word' id='word_1_409' title='bbox 247 2696 452 2737; x_wconf 87' lang='lat' dir='ltr'>vaticinia.</span> <span class='ocrx_word' id='word_1_410' title='bbox 514 2695 649 2735; x_wconf 88' lang='lat' dir='ltr'>Primo</span> <span class='ocrx_word' id='word_1_411' title='bbox 682 2695 792 2735; x_wconf 85' lang='lat' dir='ltr'>enim</span> <span class='ocrx_word' id='word_1_412' title='bbox 826 2692 973 2735; x_wconf 89' lang='lat' dir='ltr'>obtutu</span> <span class='ocrx_word' id='word_1_413' title='bbox 1016 2706 1341 2748; x_wconf 86' lang='lat' dir='ltr'>supervacanea</span> <span class='ocrx_word' id='word_1_414' title='bbox 1386 2707 1480 2735; x_wconf 87' lang='lat' dir='ltr'>esse</span> <span class='ocrx_word' id='word_1_415' title='bbox 1523 2705 1706 2748; x_wconf 88' lang='lat' dir='ltr'>persona</span> <span class='ocrx_word' id='word_1_416' title='bbox 1747 2694 1904 2749; x_wconf 91' lang='lat' dir='ltr'>totique</span> <span class='ocrx_word' id='word_1_417' title='bbox 1950 2694 2100 2736; x_wconf 70' lang='lat' dir='ltr'>fabula(=</span> <span class='ocrx_word' id='word_1_418' title='bbox 2141 2695 2274 2737; x_wconf 81' lang='lat' dir='ltr'>aliena</span> <span class='ocrx_word' id='word_1_419' title='bbox 2318 2685 2495 2740; x_wconf 53' lang='lat' dir='ltr'>videtu?</span> 
     </span>
     <span class='ocr_line' id='line_1_36' title="bbox 248 2768 2496 2829; baseline 0.001 -15"><span class='ocrx_word' id='word_1_420' title='bbox 248 2773 333 2814; x_wconf 87' lang='lat' dir='ltr'>Sed</span> <span class='ocrx_word' id='word_1_421' title='bbox 367 2785 619 2820; x_wconf 89' lang='lat' dir='ltr'>caveamus,</span> <span class='ocrx_word' id='word_1_422' title='bbox 652 2785 705 2812; x_wconf 91' lang='lat' dir='ltr'>ne</span> <span class='ocrx_word' id='word_1_423' title='bbox 737 2784 1019 2827; x_wconf 84' lang='lat' dir='ltr'>praepropere</span> <span class='ocrx_word' id='word_1_424' title='bbox 1053 2768 1298 2812; x_wconf 85' lang='lat' dir='ltr'>iudicemus.</span> <span class='ocrx_word' id='word_1_425' title='bbox 1361 2769 1518 2812; x_wconf 80' lang='lat' dir='ltr'>Etenim</span> <span class='ocrx_word' id='word_1_426' title='bbox 1552 2785 1680 2826; x_wconf 87' lang='lat' dir='ltr'>quum</span> <span class='ocrx_word' id='word_1_427' title='bbox 1713 2770 1852 2814; x_wconf 90' lang='lat' dir='ltr'>animo</span> <span class='ocrx_word' id='word_1_428' title='bbox 1884 2770 2165 2826; x_wconf 84' lang='lat' dir='ltr'>complector,</span> <span class='ocrx_word' id='word_1_429' title='bbox 2207 2780 2292 2814; x_wconf 88' lang='lat' dir='ltr'>tres</span> <span class='ocrx_word' id='word_1_430' title='bbox 2325 2775 2496 2829; x_wconf 87' lang='lat' dir='ltr'>reperio</span> 
     </span>
     <span class='ocr_line' id='line_1_37' title="bbox 186 2845 2497 2910; baseline 0.002 -20"><span class='ocrx_word' id='word_1_431' title='bbox 186 2878 188 2881; x_wconf 34' lang='lat' dir='ltr'>v</span> <span class='ocrx_word' id='word_1_432' title='bbox 248 2862 419 2897; x_wconf 88' lang='lat' dir='ltr'>causas,</span> <span class='ocrx_word' id='word_1_433' title='bbox 451 2862 527 2891; x_wconf 91' lang='lat' dir='ltr'>cur</span> <span class='ocrx_word' id='word_1_434' title='bbox 559 2848 598 2889; x_wconf 91' lang='lat' dir='ltr'>in</span> <span class='ocrx_word' id='word_1_435' title='bbox 631 2860 802 2889; x_wconf 84' lang='lat' dir='ltr'>scenam</span> <span class='ocrx_word' id='word_1_436' title='bbox 837 2855 954 2888; x_wconf 90' lang='lat' dir='ltr'>vates</span> <span class='ocrx_word' id='word_1_437' title='bbox 985 2846 1192 2901; x_wconf 85' lang='lat' dir='ltr'>producta</span> <span class='ocrx_word' id='word_1_438' title='bbox 1223 2845 1286 2888; x_wconf 91' lang='lat' dir='ltr'>sit.</span> <span class='ocrx_word' id='word_1_439' title='bbox 1334 2848 1393 2888; x_wconf 79' lang='lat' dir='ltr'>Ac</span> <span class='ocrx_word' id='word_1_440' title='bbox 1426 2846 1606 2902; x_wconf 90' lang='lat' dir='ltr'>primum</span> <span class='ocrx_word' id='word_1_441' title='bbox 1630 2845 1822 2892; x_wconf 82' lang='lat' dir='ltr'>videsne,</span> <span class='ocrx_word' id='word_1_442' title='bbox 1855 2860 1979 2903; x_wconf 89' lang='lat' dir='ltr'>quam</span> <span class='ocrx_word' id='word_1_443' title='bbox 2001 2847 2238 2910; x_wconf 85' lang='lat' dir='ltr'>ingeniosus</span> <span class='ocrx_word' id='word_1_444' title='bbox 2257 2848 2497 2909; x_wconf 86' lang='lat' dir='ltr'>sollersque</span> 
     </span>
     <span class='ocr_line' id='line_1_38' title="bbox 248 2921 2494 2984; baseline 0.002 -19"><span class='ocrx_word' id='word_1_445' title='bbox 248 2924 287 2965; x_wconf 93' lang='lat' dir='ltr'>in</span> <span class='ocrx_word' id='word_1_446' title='bbox 319 2931 409 2967; x_wconf 89' lang='lat' dir='ltr'>arte</span> <span class='ocrx_word' id='word_1_447' title='bbox 442 2924 493 2966; x_wconf 90' lang='lat' dir='ltr'>sit</span> <span class='ocrx_word' id='word_1_448' title='bbox 526 2923 683 2979; x_wconf 76' lang='lat' dir='ltr'>poeta?</span> <span class='ocrx_word' id='word_1_449' title='bbox 732 2923 810 2973; x_wconf 89' lang='lat' dir='ltr'>Qui</span> <span class='ocrx_word' id='word_1_450' title='bbox 842 2934 971 2979; x_wconf 87' lang='lat' dir='ltr'>quum</span> <span class='ocrx_word' id='word_1_451' title='bbox 1004 2935 1087 2964; x_wconf 92' lang='lat' dir='ltr'>non</span> <span class='ocrx_word' id='word_1_452' title='bbox 1129 2921 1363 2978; x_wconf 85' lang='lat' dir='ltr'>ignoraret,</span> <span class='ocrx_word' id='word_1_453' title='bbox 1408 2936 1491 2965; x_wconf 91' lang='lat' dir='ltr'>non</span> <span class='ocrx_word' id='word_1_454' title='bbox 1534 2935 1661 2978; x_wconf 86' lang='lat' dir='ltr'>posse</span> <span class='ocrx_word' id='word_1_455' title='bbox 1704 2921 1790 2970; x_wconf 91' lang='lat' dir='ltr'>illa,</span> <span class='ocrx_word' id='word_1_456' title='bbox 1832 2935 1928 2979; x_wconf 85' lang='lat' dir='ltr'>quae</span> <span class='ocrx_word' id='word_1_457' title='bbox 1971 2923 2076 2963; x_wconf 90' lang='lat' dir='ltr'>intus</span> <span class='ocrx_word' id='word_1_458' title='bbox 2115 2923 2153 2963; x_wconf 87' lang='lat' dir='ltr'>iu</span> <span class='ocrx_word' id='word_1_459' title='bbox 2193 2923 2361 2968; x_wconf 84' lang='lat' dir='ltr'>aedibus</span> <span class='ocrx_word' id='word_1_460' title='bbox 2399 2932 2494 2984; x_wconf 66' lang='lat' dir='ltr'>‹iga-</span> 
     </span>
     <span class='ocr_line' id='line_1_39' title="bbox 248 2996 2498 3056; baseline 0.003 -16"><span class='ocrx_word' id='word_1_461' title='bbox 248 3012 446 3043; x_wconf 89' lang='lat' dir='ltr'>memnon</span> <span class='ocrx_word' id='word_1_462' title='bbox 490 3006 727 3056; x_wconf 85' lang='lat' dir='ltr'>pateretur,</span> <span class='ocrx_word' id='word_1_463' title='bbox 770 2998 808 3040; x_wconf 89' lang='lat' dir='ltr'>in</span> <span class='ocrx_word' id='word_1_464' title='bbox 841 3009 970 3041; x_wconf 88' lang='lat' dir='ltr'>scena</span> <span class='ocrx_word' id='word_1_465' title='bbox 1002 2997 1089 3054; x_wconf 82' lang='lat' dir='ltr'>agi,</span> <span class='ocrx_word' id='word_1_466' title='bbox 1133 3010 1211 3053; x_wconf 89' lang='lat' dir='ltr'>pro</span> <span class='ocrx_word' id='word_1_467' title='bbox 1243 2996 1312 3040; x_wconf 83' lang='lat'><em>1110</em></span> <span class='ocrx_word' id='word_1_468' title='bbox 1345 2996 1556 3041; x_wconf 89' lang='lat' dir='ltr'>substituit</span> <span class='ocrx_word' id='word_1_469' title='bbox 1586 2998 1882 3044; x_wconf 87' lang='lat' dir='ltr'>Cassandram,</span> <span class='ocrx_word' id='word_1_470' title='bbox 1927 3009 2023 3053; x_wconf 86' lang='lat' dir='ltr'>quae</span> <span class='ocrx_word' id='word_1_471' title='bbox 2065 2997 2248 3042; x_wconf 88' lang='lat' dir='ltr'>eandem</span> <span class='ocrx_word' id='word_1_472' title='bbox 2291 3014 2386 3044; x_wconf 88' lang='lat' dir='ltr'>cum</span> <span class='ocrx_word' id='word_1_473' title='bbox 2430 3003 2498 3048; x_wconf 92' lang='lat' dir='ltr'>illo</span> 
     </span>
     <span class='ocr_line' id='line_1_40' title="bbox 247 3071 2497 3135; baseline 0.003 -18"><span class='ocrx_word' id='word_1_474' title='bbox 247 3074 602 3118; x_wconf 88' lang='lat' dir='ltr'>communicatam</span> <span class='ocrx_word' id='word_1_475' title='bbox 643 3082 800 3117; x_wconf 90' lang='lat' dir='ltr'>sortem</span> <span class='ocrx_word' id='word_1_476' title='bbox 844 3072 1038 3116; x_wconf 90' lang='lat' dir='ltr'>habitura</span> <span class='ocrx_word' id='word_1_477' title='bbox 1079 3080 1255 3131; x_wconf 87' lang='lat' dir='ltr'>cogeret</span> <span class='ocrx_word' id='word_1_478' title='bbox 1293 3072 1613 3130; x_wconf 89' lang='lat' dir='ltr'>quodammodo</span> <span class='ocrx_word' id='word_1_479' title='bbox 1655 3080 1895 3129; x_wconf 84' lang='lat' dir='ltr'>spectantes</span> <span class='ocrx_word' id='word_1_480' title='bbox 1935 3071 2139 3121; x_wconf 85' lang='lat' dir='ltr'>fabulam,</span> <span class='ocrx_word' id='word_1_481' title='bbox 2193 3089 2322 3133; x_wconf 89' lang='lat' dir='ltr'>quum</span> <span class='ocrx_word' id='word_1_482' title='bbox 2365 3079 2497 3135; x_wconf 89' lang='lat' dir='ltr'>ipsam</span> 
     </span>
    </p>
   </div>
   <div class='ocr_carea' id='block_1_3' title="bbox 249 3147 2515 3274">
    <p class='ocr_par' dir='ltr' id='par_1_4' title="bbox 249 3147 2515 3274">
     <span class='ocr_line' id='line_1_41' title="bbox 249 3147 2500 3207; baseline 0.003 -14"><span class='ocrx_word' id='word_1_483' title='bbox 249 3149 447 3194; x_wconf 85' lang='lat' dir='ltr'>viderent</span> <span class='ocrx_word' id='word_1_484' title='bbox 478 3150 720 3198; x_wconf 85' lang='lat' dir='ltr'>dolentem,</span> <span class='ocrx_word' id='word_1_485' title='bbox 755 3160 797 3193; x_wconf 87' lang='lat' dir='ltr'>ut</span> <span class='ocrx_word' id='word_1_486' title='bbox 829 3147 1151 3207; x_wconf 76' lang='lat' dir='ltr'>Agamemnonis</span> <span class='ocrx_word' id='word_1_487' title='bbox 1183 3162 1357 3207; x_wconf 89' lang='lat' dir='ltr'>quoque</span> <span class='ocrx_word' id='word_1_488' title='bbox 1389 3147 1561 3193; x_wconf 89' lang='lat' dir='ltr'>dolores</span> <span class='ocrx_word' id='word_1_489' title='bbox 1592 3147 1710 3192; x_wconf 86' lang='lat' dir='ltr'>simul</span> <span class='ocrx_word' id='word_1_490' title='bbox 1737 3148 1940 3192; x_wconf 87' lang='lat' dir='ltr'>sentirent</span> <span class='ocrx_word' id='word_1_491' title='bbox 1969 3156 2012 3192; x_wconf 88' lang='lat' dir='ltr'>et</span> <span class='ocrx_word' id='word_1_492' title='bbox 2044 3159 2156 3194; x_wconf 89' lang='lat' dir='ltr'>metu</span> <span class='ocrx_word' id='word_1_493' title='bbox 2191 3151 2500 3199; x_wconf 89' lang='lat' dir='ltr'>misericordia—</span> 
     </span>
     <span class='ocr_line' id='line_1_42' title="bbox 1940 3231 2515 3274; baseline 0.002 -30"><span class='ocrx_word' id='word_1_494' title='bbox 1940 3234 1964 3274; x_wconf 56' lang='grc'>,2</span> <span class='ocrx_word' id='word_1_495' title='bbox 1982 3235 1999 3255; x_wconf 60' lang='grc'>,</span> <span class='ocrx_word' id='word_1_496' title='bbox 2512 3231 2515 3235; x_wconf 85' lang='lat'>.</span> 
     </span>
    </p>
   </div>
  </div>
 </body>
</html>
