2774 3741
1332 115 1383 158 ⁴5

347 260 450 303 Haec
481 258 626 309 habui,
657 272 755 316 quae
787 258 975 302 dicerem
1009 257 1064 302 de
1099 257 1253 301 rabutae
1284 266 1546 316 argumento.
1594 258 1755 306 Restat,
1787 266 1831 300 ut
1862 258 2086 316 inquiram,
2119 259 2261 316 quain
2286 273 2332 303 re
2353 260 2480 304 totius

230 334 453 395 tragoediae
495 335 555 377 vis
596 335 768 377 interior
809 335 945 390 posita
988 347 1084 376 esse
1128 334 1332 376 videatur,
1365 357 1419 365 -
1451 333 1708 393 Aeschylum
1749 333 1929 389 primum
1968 342 2013 375 ut
2044 348 2146 376 vere
2179 333 2477 391 philosophum

229 411 394 455 fabulas
424 424 523 454 suas
553 411 605 453 ad
640 418 800 453 certam
833 410 1045 467 quandam
1079 410 1311 466 disciplinae
1344 411 1565 452 formulam
1598 410 1891 465 composuisse
1908 419 1951 450 et
1979 411 2016 450 in
2035 410 2242 452 faciendis
2262 412 2478 468 tragoe-diis

227 486 338 531 nulla
369 486 448 529 alia
481 500 527 530 re
560 485 889 529 nisi'honestate
929 485 1101 528 ductum
1143 500 1238 528 esse
1279 499 1408 541 supra
1448 486 1544 528 dixi.
1606 487 1641 527 ls
1674 485 1844 532 fabulis,
1885 498 1991 542 quas
2029 487 2284 542 composuit,
2327 500 2479 544 graves

226 562 432 621 quasdam
472 562 719 611 sententias,
763 560 917 619 quibus
957 562 1073 603 cives
1112 562 1174 604 sui
1217 562 1389 604 meliora
1432 562 1719 604 edocerentur
1760 570 1803 603 et
1842 561 1898 602 de
1942 563 2021 602 vita
2063 572 2178 605 recte
2224 564 2477 605 instituenda

226 647 519 686 monerentur,
553 649 779 694 expressas
810 650 906 679 esse
939 645 982 678 et
1011 636 1090 678 sub
1123 638 1269 679 oculos
1306 647 1593 693 spectatorum
1635 629 1783 679 subiici
1827 636 1966 679 voluit.
2028 638 2316 688 Quaerendum
2356 640 2480 696 igitur

228 722 308 765 est,
342 712 431 757 tres*
458 714 540 757 illae
570 712 812 770 tragoediae,
855 712 1008 769 quibus
1040 713 1221 755 Orestiae
1253 724 1407 755 nomen
1440 720 1503 754 est
1535 721 1577 754 et
1608 725 1786 769 quarum
1819 725 1900 769 ego
1932 712 2107 768 primam
2148 714 2386 757 accuratius
2417 715 2478 757 in-

225 788 464 847 dagandam
496 789 687 845 suscepi,
720 800 826 844 quas
858 789 1117 843 potissimum
1150 791 1379 831 sententias
1401 775 1595 844 premant
1618 797 1658 829 et
1681 787 1760 828 sub
1779 797 2000 843 aspectum
2024 799 2272 845 proponant.
2314 791 2476 832 Deinde

224 874 365 907 autem
409 863 725 908 monstrandum
767 872 847 911 est,
890 863 1105 921 quomodo
1140 868 1265 921 poeta
1298 864 1353 907 de
1387 878 1513 907 causa
1557 864 1761 921 cuiusque
1804 876 2021 919 personae,
2065 865 2102 905 in
2134 878 2261 906 scena
2302 867 2475 922 agentis,

226 941 484 999 cogitaverit.

344 1017 399 1060 Ex
433 1016 629 1077 Aeschyli
660 1017 865 1059 sententia
901 1017 1077 1059 numinis
1108 1016 1231 1058 divini
1265 1016 1534 1059 inexorabilis
1566 1026 1630 1058 est
1662 1017 1830 1065 iustitia,
1863 1029 1960 1072 quae
1993 1016 2116 1058 ullam
2151 1032 2288 1059 rernm
2317 1019 2476 1062 ordinis

229 1092 590 1151 perturbationem
624 1092 689 1135 vel
723 1093 832 1150 aeqni
866 1092 968 1150 legis
1000 1093 1265 1135 violationem
1300 1094 1468 1135 inultam
1503 1106 1598 1135 esse
1632 1095 1714 1149 pati
1748 1106 1922 1149 prorsus
1955 1107 2035 1135 non
2071 1104 2222 1149 potest.
2275 1095 2381 1152 Ergo
2405 1097 2475 1153 qui

226 1172 324 1213 sacit
355 1179 398 1212 et
428 1178 598 1227 peccat.
632 1170 663 1210 is
696 1182 847 1224 poenas
881 1168 963 1210 luat
996 1183 1174 1211 necesse
1207 1179 1290 1215 cst,
1324 1178 1366 1210 ut
1398 1183 1476 1224 par
1508 1170 1597 1225 pari
1631 1169 1850 1211 referatur.
1906 1170 2015 1220 Quin
2048 1170 2131 1211 imo
2163 1170 2250 1217 titii.
2283 1181 2478 1227 nepotes,

227 1255 487 1301 pronepotes
517 1245 670 1286 delicta
704 1245 909 1286 maiorum
941 1259 1019 1286 suo
1051 1245 1216 1286 interitu
1250 1245 1384 1292 luunt.
1419 1246 1493 1286 nisi
1526 1245 1634 1287 sorte
1667 1244 1735 1286 dei
1756 1244 1931 1288 alicuius
1954 1246 2085 1301 gratia
2107 1259 2158 1288 ac
2180 1247 2325 1290 favore
2348 1247 2473 1303 culpa

226 1322 394 1365 tandem
427 1321 670 1364 liberantur.
732 1321 847 1362 llanc
878 1334 995 1362 suam
1030 1320 1083 1362 de
1115 1321 1272 1362 ordinis
1303 1320 1427 1362 divini
1460 1329 1502 1362 et
1534 1320 1644 1377 aequi
1685 1329 1843 1363 aeterna
1887 1319 1990 1377 legis
2028 1323 2350 1366 conservatione
2381 1324 2475 1381 opi-

226 1402 393 1440 nionem
426 1411 554 1454 quum
587 1396 761 1443 ceteris,
794 1404 880 1437 tum
913 1393 986 1443 itti.
1018 1409 1143 1453 quam
1176 1396 1277 1443 dixi.
1311 1397 1507 1452 trilogiae,
1540 1405 1623 1437 tam
1656 1409 1774 1451 saepe
1809 1398 2000 1443 intexuit.
2036 1408 2079 1438 ut
2110 1398 2281 1440 dubium
2308 1413 2391 1442 non
2413 1401 2475 1448 sit,

226 1475 322 1530 quin
357 1487 450 1514 eam
483 1470 773 1527 spectantibus
804 1470 988 1514 fabulam
1030 1472 1177 1514 summi
1220 1472 1338 1527 quasi
1379 1471 1588 1528 dogmatis
1630 1472 1724 1515 loco
1767 1485 1861 1515 esse
1903 1472 2091 1515 voluerit.
2152 1474 2314 1518 Deinde
2358 1490 2474 1524 vero,

225 1549 339 1607 quod
374 1556 517 1591 noster
547 1547 615 1589 ille
647 1545 854 1603 praeclare
888 1548 1063 1589 monuit:

827 1662 946 1714 „Qus
976 1662 1061 1702 eben
1092 1661 1133 1708 tit
1163 1662 1220 1702 bet
1252 1661 1359 1712 &Iudi
1391 1662 1449 1702 bet
1480 1661 1584 1710 balent
1615 1662 1736 1712 ιῖβειῐ,

856 1737 943 1787 Qu}
974 1738 1017 1789 ste
1047 1737 1286 1788 summittunt*
1319 1737 1434 1787 &3ssch
1465 1738 1552 1786 nuti}
1583 1739 1787 1791 gebiitenst

224 1857 264 1898 id
299 1857 378 1897 iam
411 1854 719 1912 Aeschylusret
753 1853 997 1907 prolocutus
1030 1862 1091 1894 est
1125 1862 1167 1894 et
1197 1868 1326 1910 quum
1358 1852 1554 1900 aliarum.
1598 1862 1683 1895 tum
1719 1868 1820 1897 vero
1852 1855 1987 1911 gentis
2018 1855 2316 1911 Pelopidarum
2350 1859 2474 1901 tristi-

225 1933 304 1975 bus
344 1932 437 1974 satis
478 1930 723 1987 praeclarius
764 1929 888 1972 ctiam
927 1928 1242 1971 demonstravit.
1307 1931 1365 1971 De
1410 1928 1530 1971 huius
1571 1930 1777 1972 sententia
1819 1924 1980 1987 quaevis
2022 1931 2256 1977 calamitas.
2302 1948 2400 1991 quae
2434 1935 2473 1977 in

223 2007 408 2065 singulos
449 2005 640 2048 homines
679 2004 743 2047 vel
786 2005 911 2047 etiam
954 2005 991 2046 in
1033 2011 1161 2047 totam
1204 2004 1384 2061 aliquam
1431 2004 1624 2046 familiam
1666 2006 1796 2052 irruit,
1839 2019 1862 2046 a
1897 2020 2002 2047 noxa
2043 2007 2225 2063 quadam
2269 2010 2472 2067 originem

223 2082 368 2130 trahit,
408 2094 505 2139 quae
538 2080 721 2122 nondum
755 2080 923 2136 expiata
957 2088 1030 2121 est.
1093 2080 1199 2135 Ergo
1231 2081 1299 2135 qui
1333 2079 1419 2121 vult
1452 2081 1583 2122 vitare
1620 2081 1919 2128 calamitatem,
1964 2083 1995 2123 is
2028 2080 2224 2138 flagitium
2268 2093 2340 2126 aut
2371 2098 2394 2126 a
2427 2100 2474 2128 se

225 2163 315 2215 ipso
357 2166 428 2200 aut
458 2171 481 2199 a
515 2166 654 2212 patre,
702 2171 800 2204 avo,
843 2169 1004 2211 proavo
1046 2155 1312 2198 commissum
1358 2155 1530 2210 expiare
1572 2155 1715 2199 debet.
1777 2156 1901 2207 Quod
1937 2159 1974 2199 ni
2009 2158 2127 2206 l'acit,
2171 2158 2380 2204 obnoxius
2413 2170 2476 2205 est

226 2234 437 2294 periculo,
485 2248 537 2274 ne
571 2241 613 2274 et
645 2232 735 2287 ipse
768 2240 809 2273 et
843 2238 926 2273 tota
957 2244 1031 2273 sua
1065 2229 1216 2272 familia
1260 2226 1553 2273 miserabiliter
1593 2230 1761 2273 tandem
1804 2231 1928 2275 cadat
1970 2241 2098 2289 atque
2142 2244 2303 2289 pereat.
2368 2237 2472 2279 Dum

223 2323 363 2354 autem
397 2311 525 2352 homo
558 2308 700 2364 expiat
731 2308 908 2363 primam
940 2308 1121 2363 aliquam
1155 2321 1324 2356 noxam,
1356 2308 1548 2363 quamvis
1581 2306 1699 2349 liberi
1731 2322 1911 2364 compos
1931 2311 1980 2350 sit
2013 2309 2192 2358 arbitrii,
2225 2320 2365 2354 tamen
2400 2314 2474 2355 im-

223 2398 374 2445 potens
406 2383 676 2442 perturbatos
707 2382 830 2425 animi
864 2391 1001 2426 motus
1033 2382 1279 2430 cohibendi,
1314 2391 1453 2426 mente
1485 2383 1711 2426 ohcoecata
1746 2393 1908 2427 rectum
1942 2387 2094 2442 agendi
2137 2386 2308 2430 modum
2351 2402 2472 2447 egre-

223 2464 334 2506 ditur
364 2474 603 2516 novamque
636 2460 675 2500 in
707 2473 754 2501 se
787 2458 954 2514 culpam
988 2458 1206 2501 contrahit.
1249 2459 1306 2499 lta
1337 2471 1455 2513 saepe
1490 2459 1526 2500 in
1561 2458 1629 2500 tali
1650 2458 1800 2501 familia
1824 2461 2080 2503 continuatio
2103 2463 2300 2518 quaedam
2322 2466 2473 2507 series-

222 2555 305 2599 que
339 2552 541 2581 noxarum
585 2535 768 2592 indeque
806 2534 1027 2577 orientium
1071 2534 1369 2581 calamitatum,
1412 2549 1509 2592 quae
1552 2535 1680 2592 ipsius
1719 2534 1885 2578 familiae
1926 2529 2004 2591 ἄτη
2045 2546 2128 2585 est,
2171 2538 2327 2582 exsistit
2360 2540 2469 2582 etin

222 2616 452 2675 perniciem
485 2627 620 2669 usque
651 2611 835 2654 adducit.
896 2612 997 2654 Haec
1028 2611 1282 2669 Aeschylus,
1325 2610 1418 2653 haec
1450 2610 1641 2654 eiusdem
1675 2613 1810 2666 aetatis
1839 2613 2119 2668 sapientiores
2159 2613 2348 2658 homines
2377 2629 2471 2659 cre-

221 2693 393 2737 debant.
454 2689 562 2741 Quid
596 2687 844 2730 Christiani?
876 2687 1040 2729 Etiamsi
1075 2702 1156 2729 non
1190 2687 1282 2729 liaec
1313 2687 1507 2743 quidem,
1540 2696 1581 2729 at
1615 2687 1765 2729 horum
1798 2689 1957 2730 similia.
2008 2690 2144 2740 Quam
2171 2692 2278 2732 enim
2301 2692 2469 2747 culpam

222 2776 420 2812 auctores
459 2765 586 2807 totius
625 2764 793 2820 generis
832 2762 1000 2804 humani
1034 2763 1330 2804 commiserant
1362 2771 1403 2803 et
1434 2776 1561 2818 quam
1605 2762 1843 2805 hereditate
1888 2767 2044 2819 posteri
2086 2775 2363 2820 acceperunt,
2406 2782 2472 2815 ea,

223 2845 465 2903 priusquam
499 2854 576 2896 per
609 2840 735 2882 nostri
770 2838 945 2894 periculi
978 2838 1185 2880 vindicem
1230 2837 1636 2895 redemptoremque
1679 2838 1820 2880 mundi
1864 2840 2031 2896 expiata
2073 2849 2203 2887 esset,
2246 2855 2385 2885 nonne
2419 2859 2472 2886 eo

222 2918 410 2967 valebat,
454 2924 499 2959 ut
540 2914 605 2958 vel
648 2916 782 2972 ipsam
828 2913 1153 2957 imbecillitatem
1195 2914 1351 2955 bonum
1394 2914 1575 2956 faciendi
1608 2915 1647 2956 in
1681 2914 1921 2957 hominihus
1960 2916 2149 2972 gigneret
2189 2915 2245 2957 ob
2287 2931 2472 2977 eamque

220 3008 391 3042 causam
423 2992 667 3035 necessario
700 3004 775 3033 eos
806 2998 1103 3046 corrumperet
1135 2998 1175 3032 et
1207 2990 1245 3031 in
1278 2990 1509 3045 perniciem
1554 2990 1821 3034 adduceret?
1874 2991 2022 3032 Verum
2055 2991 2148 3043 haec
2185 2994 2311 3035 missa
2345 2996 2474 3048 saci03

220 3072 319 3117 illud
351 3083 519 3127 quaero,
549 3066 662 3108 unde
694 3066 855 3114 veniat,
899 3073 941 3107 ut
974 3065 1102 3108 homo
1135 3073 1294 3108 rectum
1329 3065 1510 3108 faciendi
1543 3074 1627 3109 tam
1659 3080 1777 3125 saepe
1812 3067 2019 3121 impotens
2060 3066 2233 3110 modum
2277 3073 2475 3125 praescri-

220 3158 337 3207 ptum
378 3142 633 3203 egrediatur.
694 3141 774 3193 Qui
815 3141 946 3183 sacris
988 3140 1220 3183 christianis
1262 3139 1407 3182 imbuti
1440 3150 1555 3190 sunt,
1600 3156 1682 3184 non
1716 3142 1925 3197 ignorant,
1965 3140 2092 3191 illam,
2125 3155 2253 3199 quam
2286 3145 2474 3196 dicimus.

219 3219 625 3279 concupiscentiam,
657 3217 779 3258 huius
811 3218 869 3258 rei
901 3230 997 3258 esse
1030 3229 1213 3259 causam.
1256 3216 1363 3267 Quid
1399 3217 1665 3275 Aeschylus?
1698 3218 1733 3258 ls
1764 3216 1819 3257 de
1842 3215 2031 3258 Alastore
2054 3218 2241 3273 quodam
2264 3223 2474 3277 cogitavit,
