<?xml version="1.0" encoding="UTF-8"?>
<!DOCTYPE html PUBLIC "-//W3C//DTD XHTML 1.0 Transitional//EN"
    "http://www.w3.org/TR/xhtml1/DTD/xhtml1-transitional.dtd">
<html xmlns="http://www.w3.org/1999/xhtml" xml:lang="en" lang="en">
 <head>
  <title>
</title>
<meta http-equiv="Content-Type" content="text/html;charset=utf-8" />
  <meta name='ocr-system' content='tesseract 3.04.00' />
  <meta name='ocr-capabilities' content='ocr_page ocr_carea ocr_par ocr_line ocrx_word'/>
</head>
<body>
  <div class='ocr_page' id='page_1' title='image "4770467_0014.png"; bbox 0 0 2774 3741; ppageno 0'>
   <div class='ocr_carea' id='block_1_1' title="bbox 1361 130 1387 173">
    <p class='ocr_par' dir='ltr' id='par_1_1' title="bbox 1361 130 1387 173">
     <span class='ocr_line' id='line_1_1' title="bbox 1361 130 1387 173; baseline 0 0"><span class='ocrx_word' id='word_1_1' title='bbox 1361 130 1387 173; x_wconf 91' lang='lat'><em>8</em></span> 
     </span>
    </p>
   </div>
   <div class='ocr_carea' id='block_1_2' title="bbox 1128 192 1357 198">
    <p class='ocr_par' dir='ltr' id='par_1_2' title="bbox 1128 192 1357 198">
     <span class='ocr_line' id='line_1_2' title="bbox 1128 192 1357 198; baseline 0 0"><span class='ocrx_word' id='word_1_2' title='bbox 1128 192 1357 198; x_wconf 95' lang='lat' dir='ltr'><strong> </strong></span> 
     </span>
    </p>
   </div>
   <div class='ocr_carea' id='block_1_3' title="bbox 235 266 2499 3302">
    <p class='ocr_par' dir='ltr' id='par_1_3' title="bbox 235 266 2499 714">
     <span class='ocr_line' id='line_1_3' title="bbox 240 266 2496 334; baseline -0.003 -13"><span class='ocrx_word' id='word_1_3' title='bbox 240 281 492 334; x_wconf 79' lang='lat' dir='ltr'><strong>aspernatur</strong></span> <span class='ocrx_word' id='word_1_4' title='bbox 522 280 653 331; x_wconf 91' lang='lat' dir='ltr'><strong>atque</strong></span> <span class='ocrx_word' id='word_1_5' title='bbox 684 272 859 330; x_wconf 81' lang='lat' dir='ltr'><strong>respuit.</strong></span> <span class='ocrx_word' id='word_1_6' title='bbox 918 271 1042 316; x_wconf 90' lang='lat' dir='ltr'><strong>Subit</strong></span> <span class='ocrx_word' id='word_1_7' title='bbox 1070 286 1144 316; x_wconf 84' lang='lat' dir='ltr'><strong>rex</strong></span> <span class='ocrx_word' id='word_1_8' title='bbox 1177 271 1317 331; x_wconf 83' lang='lat' dir='ltr'><strong>iugum</strong></span> <span class='ocrx_word' id='word_1_9' title='bbox 1349 270 1611 315; x_wconf 75' lang='lat' dir='ltr'><strong>necessitatis</strong></span> <span class='ocrx_word' id='word_1_10' title='bbox 1641 266 1848 325; x_wconf 81' lang='grc' dir='ltr'><strong><em>(ἀνάγκας</em></strong></span> <span class='ocrx_word' id='word_1_11' title='bbox 1877 268 1952 313; x_wconf 75' lang='grc' dir='ltr'><strong>ἔδυ</strong></span> <span class='ocrx_word' id='word_1_12' title='bbox 1976 269 2205 328; x_wconf 71' lang='grc' dir='ltr'><strong><em>λέπαδνον)</em></strong></span> <span class='ocrx_word' id='word_1_13' title='bbox 2237 272 2261 316; x_wconf 90' lang='lat' dir='ltr'><strong>i.</strong></span> <span class='ocrx_word' id='word_1_14' title='bbox 2281 286 2318 316; x_wconf 86' lang='lat' dir='ltr'><strong>e.</strong></span> <span class='ocrx_word' id='word_1_15' title='bbox 2340 270 2496 316; x_wconf 91' lang='lat' dir='ltr'><strong>bellum</strong></span> 
     </span>
     <span class='ocr_line' id='line_1_4' title="bbox 238 345 2498 409; baseline -0.003 -12"><span class='ocrx_word' id='word_1_16' title='bbox 238 367 321 397; x_wconf 91' lang='lat' dir='ltr'><strong>non</strong></span> <span class='ocrx_word' id='word_1_17' title='bbox 362 357 505 409; x_wconf 91' lang='lat' dir='ltr'><strong>potest</strong></span> <span class='ocrx_word' id='word_1_18' title='bbox 545 349 646 409; x_wconf 90' lang='lat' dir='ltr'><strong>quin</strong></span> <span class='ocrx_word' id='word_1_19' title='bbox 676 356 819 408; x_wconf 81' lang='lat' dir='ltr'><strong>gerat,</strong></span> <span class='ocrx_word' id='word_1_20' title='bbox 857 349 973 409; x_wconf 92' lang='lat' dir='ltr'><strong>quod</strong></span> <span class='ocrx_word' id='word_1_21' title='bbox 1018 350 1112 407; x_wconf 89' lang='lat' dir='ltr'><strong>ipse</strong></span> <span class='ocrx_word' id='word_1_22' title='bbox 1144 347 1430 394; x_wconf 87' lang='lat' dir='ltr'><strong>necessarium</strong></span> <span class='ocrx_word' id='word_1_23' title='bbox 1473 346 1616 391; x_wconf 87' lang='lat' dir='ltr'><strong>habet.</strong></span> <span class='ocrx_word' id='word_1_24' title='bbox 1678 347 1733 390; x_wconf 85' lang='lat' dir='ltr'><strong>Ex</strong></span> <span class='ocrx_word' id='word_1_25' title='bbox 1776 345 1895 392; x_wconf 88' lang='lat' dir='ltr'><strong>chori</strong></span> <span class='ocrx_word' id='word_1_26' title='bbox 1936 354 2077 392; x_wconf 90' lang='lat' dir='ltr'><strong>autem</strong></span> <span class='ocrx_word' id='word_1_27' title='bbox 2119 350 2324 394; x_wconf 89' lang='lat' dir='ltr'><strong>sententia</strong></span> <span class='ocrx_word' id='word_1_28' title='bbox 2366 347 2498 407; x_wconf 80' lang='lat' dir='ltr'><strong>spirat</strong></span> 
     </span>
     <span class='ocr_line' id='line_1_5' title="bbox 235 423 2498 486; baseline -0.001 -14"><span class='ocrx_word' id='word_1_29' title='bbox 235 428 361 472; x_wconf 90' lang='lat' dir='ltr'><strong>animi</strong></span> <span class='ocrx_word' id='word_1_30' title='bbox 400 435 571 472; x_wconf 89' lang='lat' dir='ltr'><strong>ventum</strong></span> <span class='ocrx_word' id='word_1_31' title='bbox 612 426 814 485; x_wconf 90' lang='lat' dir='ltr'><strong>impium,</strong></span> <span class='ocrx_word' id='word_1_32' title='bbox 856 426 1085 476; x_wconf 88' lang='lat' dir='ltr'><strong>incestum.</strong></span> <span class='ocrx_word' id='word_1_33' title='bbox 1128 426 1372 484; x_wconf 87' lang='lat' dir='ltr'><strong>profanum,</strong></span> <span class='ocrx_word' id='word_1_34' title='bbox 1416 424 1528 469; x_wconf 92' lang='lat' dir='ltr'><strong>unde</strong></span> <span class='ocrx_word' id='word_1_35' title='bbox 1559 424 1613 468; x_wconf 91' lang='lat' dir='ltr'><strong>ad</strong></span> <span class='ocrx_word' id='word_1_36' title='bbox 1647 423 1855 483; x_wconf 81' lang='lat' dir='ltr'><strong>quidlibet</strong></span> <span class='ocrx_word' id='word_1_37' title='bbox 1896 423 2140 470; x_wconf 92' lang='lat' dir='ltr'><strong>audendum</strong></span> <span class='ocrx_word' id='word_1_38' title='bbox 2185 427 2366 486; x_wconf 82' lang='lat' dir='ltr'><strong>prompti</strong></span> <span class='ocrx_word' id='word_1_39' title='bbox 2397 425 2498 470; x_wconf 86' lang='lat' dir='ltr'><strong>fiant</strong></span> 
     </span>
     <span class='ocr_line' id='line_1_6' title="bbox 238 500 2499 561; baseline -0.001 -11"><span class='ocrx_word' id='word_1_40' title='bbox 238 503 452 550; x_wconf 80' lang='lat' dir='ltr'><strong>mortales.</strong></span> <span class='ocrx_word' id='word_1_41' title='bbox 513 502 594 556; x_wconf 88' lang='lat' dir='ltr'><strong>Qui</strong></span> <span class='ocrx_word' id='word_1_42' title='bbox 625 502 748 547; x_wconf 90' lang='lat' dir='ltr'><strong>simul</strong></span> <span class='ocrx_word' id='word_1_43' title='bbox 780 517 833 549; x_wconf 91' lang='lat' dir='ltr'><strong>ac</strong></span> <span class='ocrx_word' id='word_1_44' title='bbox 864 503 1083 548; x_wconf 89' lang='lat' dir='ltr'><strong>consilium</strong></span> <span class='ocrx_word' id='word_1_45' title='bbox 1116 503 1231 561; x_wconf 89' lang='lat' dir='ltr'><strong>cepit</strong></span> <span class='ocrx_word' id='word_1_46' title='bbox 1262 500 1534 561; x_wconf 88' lang='lat' dir='ltr'><strong>pervincendi</strong></span> <span class='ocrx_word' id='word_1_47' title='bbox 1575 500 1809 551; x_wconf 89' lang='lat' dir='ltr'><strong>voluntate,</strong></span> <span class='ocrx_word' id='word_1_48' title='bbox 1848 515 1902 545; x_wconf 93' lang='lat' dir='ltr'><strong>ne</strong></span> <span class='ocrx_word' id='word_1_49' title='bbox 1935 500 2048 546; x_wconf 91' lang='lat' dir='ltr'><strong>bello</strong></span> <span class='ocrx_word' id='word_1_50' title='bbox 2089 502 2386 555; x_wconf 84' lang='lat' dir='ltr'><strong>absisteretur,</strong></span> <span class='ocrx_word' id='word_1_51' title='bbox 2427 518 2499 547; x_wconf 91' lang='lat' dir='ltr'><strong>su-</strong></span> 
     </span>
     <span class='ocr_line' id='line_1_7' title="bbox 238 575 2496 641; baseline -0.001 -16"><span class='ocrx_word' id='word_1_52' title='bbox 238 594 431 641; x_wconf 87' lang='lat' dir='ltr'><strong>premam</strong></span> <span class='ocrx_word' id='word_1_53' title='bbox 463 579 700 624; x_wconf 89' lang='lat' dir='ltr'><strong>foeditatem</strong></span> <span class='ocrx_word' id='word_1_54' title='bbox 735 594 820 624; x_wconf 92' lang='lat' dir='ltr'><strong>non</strong></span> <span class='ocrx_word' id='word_1_55' title='bbox 852 575 1122 630; x_wconf 79' lang='lat' dir='ltr'><strong>reformidat,</strong></span> <span class='ocrx_word' id='word_1_56' title='bbox 1154 579 1351 638; x_wconf 91' lang='lat' dir='ltr'><strong>quoniam</strong></span> <span class='ocrx_word' id='word_1_57' title='bbox 1385 579 1535 621; x_wconf 89' lang='lat' dir='ltr'><strong>mentis</strong></span> <span class='ocrx_word' id='word_1_58' title='bbox 1566 577 1755 625; x_wconf 88' lang='lat' dir='ltr'><strong>caecitas,</strong></span> <span class='ocrx_word' id='word_1_59' title='bbox 1786 591 1885 635; x_wconf 87' lang='lat' dir='ltr'><strong>quae</strong></span> <span class='ocrx_word' id='word_1_60' title='bbox 1918 578 2097 635; x_wconf 88' lang='lat' dir='ltr'><strong>primam</strong></span> <span class='ocrx_word' id='word_1_61' title='bbox 2120 581 2310 638; x_wconf 90' lang='lat' dir='ltr'><strong>sequitur</strong></span> <span class='ocrx_word' id='word_1_62' title='bbox 2331 593 2496 628; x_wconf 87' lang='lat' dir='ltr'><strong>noxam,</strong></span> 
     </span>
     <span class='ocr_line' id='line_1_8' title="bbox 237 654 1857 714; baseline -0.004 -12"><span class='ocrx_word' id='word_1_63' title='bbox 237 658 426 702; x_wconf 87' lang='lat' dir='ltr'><strong>audaces</strong></span> <span class='ocrx_word' id='word_1_64' title='bbox 457 656 599 700; x_wconf 87' lang='lat' dir='ltr'><strong>reddit</strong></span> <span class='ocrx_word' id='word_1_65' title='bbox 629 656 825 701; x_wconf 90' lang='lat' dir='ltr'><strong>homines</strong></span> <span class='ocrx_word' id='word_1_66' title='bbox 854 656 909 699; x_wconf 90' lang='lat' dir='ltr'><strong>ad</strong></span> <span class='ocrx_word' id='word_1_67' title='bbox 942 655 1164 713; x_wconf 84' lang='lat' dir='ltr'><strong>quodlibet</strong></span> <span class='ocrx_word' id='word_1_68' title='bbox 1193 654 1404 714; x_wconf 85' lang='lat' dir='ltr'><strong>flagitium.</strong></span> <span class='ocrx_word' id='word_1_69' title='bbox 1437 655 1511 697; x_wconf 89' lang='lat' dir='ltr'><strong>cfr.</strong></span> <span class='ocrx_word' id='word_1_70' title='bbox 1544 668 1579 696; x_wconf 88' lang='lat' dir='ltr'><strong>v.</strong></span> <span class='ocrx_word' id='word_1_71' title='bbox 1610 654 1857 697; x_wconf 64' lang='lat'><strong>208-244.</strong></span> 
     </span>
    </p>

    <p class='ocr_par' dir='ltr' id='par_1_4' title="bbox 237 729 2498 1554">
     <span class='ocr_line' id='line_1_9' title="bbox 356 729 2496 792; baseline -0.001 -16"><span class='ocrx_word' id='word_1_72' title='bbox 356 732 443 777; x_wconf 87' lang='lat' dir='ltr'><strong>Sed</strong></span> <span class='ocrx_word' id='word_1_73' title='bbox 474 732 544 776; x_wconf 89' lang='lat' dir='ltr'><strong>hic</strong></span> <span class='ocrx_word' id='word_1_74' title='bbox 574 740 744 792; x_wconf 86' lang='lat' dir='ltr'><strong>quaeret</strong></span> <span class='ocrx_word' id='word_1_75' title='bbox 773 733 1002 791; x_wconf 85' lang='lat' dir='ltr'><strong>quispiam,</strong></span> <span class='ocrx_word' id='word_1_76' title='bbox 1034 730 1190 774; x_wconf 84' lang='lat' dir='ltr'><strong>Atridae</strong></span> <span class='ocrx_word' id='word_1_77' title='bbox 1224 745 1363 775; x_wconf 92' lang='lat' dir='ltr'><strong>nonne</strong></span> <span class='ocrx_word' id='word_1_78' title='bbox 1395 730 1507 773; x_wconf 88' lang='lat' dir='ltr'><strong>missi</strong></span> <span class='ocrx_word' id='word_1_79' title='bbox 1538 730 1618 772; x_wconf 89' lang='lat' dir='ltr'><strong>sint</strong></span> <span class='ocrx_word' id='word_1_80' title='bbox 1648 743 1672 772; x_wconf 93' lang='lat' dir='ltr'><strong>a</strong></span> <span class='ocrx_word' id='word_1_81' title='bbox 1703 731 1809 773; x_wconf 81' lang='lat' dir='ltr'><strong>Jove</strong></span> <span class='ocrx_word' id='word_1_82' title='bbox 1841 729 2055 786; x_wconf 86' lang='lat' dir='ltr'><strong>hospitali,</strong></span> <span class='ocrx_word' id='word_1_83' title='bbox 2087 732 2187 789; x_wconf 90' lang='lat' dir='ltr'><strong>quin</strong></span> <span class='ocrx_word' id='word_1_84' title='bbox 2217 732 2329 776; x_wconf 88' lang='lat' dir='ltr'><strong>adeo</strong></span> <span class='ocrx_word' id='word_1_85' title='bbox 2361 732 2496 775; x_wconf 91' lang='lat' dir='ltr'><strong>coacti</strong></span> 
     </span>
     <span class='ocr_line' id='line_1_10' title="bbox 239 804 2498 867; baseline -0.002 -12"><span class='ocrx_word' id='word_1_86' title='bbox 239 810 519 859; x_wconf 85' lang='lat' dir='ltr'><strong>necessitate,</strong></span> <span class='ocrx_word' id='word_1_87' title='bbox 559 817 606 852; x_wconf 92' lang='lat' dir='ltr'><strong>ut</strong></span> <span class='ocrx_word' id='word_1_88' title='bbox 636 808 951 867; x_wconf 84' lang='lat' dir='ltr'><strong>expeditionem</strong></span> <span class='ocrx_word' id='word_1_89' title='bbox 993 807 1272 865; x_wconf 88' lang='lat' dir='ltr'><strong>susciperent.</strong></span> <span class='ocrx_word' id='word_1_90' title='bbox 1304 832 1359 839; x_wconf 93' lang='lat'><strong>—</strong></span> <span class='ocrx_word' id='word_1_91' title='bbox 1392 807 1480 849; x_wconf 91' lang='lat' dir='ltr'><strong>Non</strong></span> <span class='ocrx_word' id='word_1_92' title='bbox 1513 806 1654 864; x_wconf 80' lang='lat' dir='ltr'><strong>coegit</strong></span> <span class='ocrx_word' id='word_1_93' title='bbox 1692 804 1822 855; x_wconf 89' lang='lat' dir='ltr'><strong>deus,</strong></span> <span class='ocrx_word' id='word_1_94' title='bbox 1862 805 1939 850; x_wconf 91' lang='lat' dir='ltr'><strong>sed</strong></span> <span class='ocrx_word' id='word_1_95' title='bbox 1984 813 2142 850; x_wconf 91' lang='lat' dir='ltr'><strong>tantum</strong></span> <span class='ocrx_word' id='word_1_96' title='bbox 2184 810 2411 857; x_wconf 88' lang='lat' dir='ltr'><strong>concessit,</strong></span> <span class='ocrx_word' id='word_1_97' title='bbox 2453 814 2498 851; x_wconf 92' lang='lat' dir='ltr'><strong>ut</strong></span> 
     </span>
     <span class='ocr_line' id='line_1_11' title="bbox 237 880 2494 943; baseline -0.002 -12"><span class='ocrx_word' id='word_1_98' title='bbox 237 886 507 943; x_wconf 86' lang='lat' dir='ltr'><strong>susciperent</strong></span> <span class='ocrx_word' id='word_1_99' title='bbox 539 885 667 943; x_wconf 90' lang='lat' dir='ltr'><strong>idque</strong></span> <span class='ocrx_word' id='word_1_100' title='bbox 699 898 749 929; x_wconf 93' lang='lat' dir='ltr'><strong>ea</strong></span> <span class='ocrx_word' id='word_1_101' title='bbox 782 884 953 942; x_wconf 90' lang='lat' dir='ltr'><strong>quidem</strong></span> <span class='ocrx_word' id='word_1_102' title='bbox 987 883 1252 934; x_wconf 89' lang='lat' dir='ltr'><strong>conditione,</strong></span> <span class='ocrx_word' id='word_1_103' title='bbox 1296 892 1341 926; x_wconf 93' lang='lat' dir='ltr'><strong>ut</strong></span> <span class='ocrx_word' id='word_1_104' title='bbox 1373 882 1569 940; x_wconf 89' lang='lat' dir='ltr'><strong>puniendi</strong></span> <span class='ocrx_word' id='word_1_105' title='bbox 1602 880 1742 925; x_wconf 84' lang='lat' dir='ltr'><strong>officio</strong></span> <span class='ocrx_word' id='word_1_106' title='bbox 1782 882 2059 940; x_wconf 86' lang='lat' dir='ltr'><strong>imperatorio</strong></span> <span class='ocrx_word' id='word_1_107' title='bbox 2099 884 2405 928; x_wconf 81' lang='lat' dir='ltr'><strong>satisfacientes</strong></span> <span class='ocrx_word' id='word_1_108' title='bbox 2441 898 2494 927; x_wconf 92' lang='lat' dir='ltr'><strong>ne</strong></span> 
     </span>
     <span class='ocr_line' id='line_1_12' title="bbox 239 957 2495 1018; baseline -0.002 -12"><span class='ocrx_word' id='word_1_109' title='bbox 239 962 353 1006; x_wconf 92' lang='lat' dir='ltr'><strong>aliud</strong></span> <span class='ocrx_word' id='word_1_110' title='bbox 384 962 519 1006; x_wconf 89' lang='lat' dir='ltr'><strong>maius</strong></span> <span class='ocrx_word' id='word_1_111' title='bbox 548 960 732 1006; x_wconf 86' lang='lat' dir='ltr'><strong>officium</strong></span> <span class='ocrx_word' id='word_1_112' title='bbox 766 960 981 1004; x_wconf 87' lang='lat' dir='ltr'><strong>violarent.</strong></span> <span class='ocrx_word' id='word_1_113' title='bbox 1041 960 1190 1017; x_wconf 90' lang='lat' dir='ltr'><strong>Neque</strong></span> <span class='ocrx_word' id='word_1_114' title='bbox 1223 959 1352 1002; x_wconf 89' lang='lat' dir='ltr'><strong>Diana</strong></span> <span class='ocrx_word' id='word_1_115' title='bbox 1385 958 1613 1016; x_wconf 81' lang='lat' dir='ltr'><strong>Iphigeniae</strong></span> <span class='ocrx_word' id='word_1_116' title='bbox 1654 957 1982 1002; x_wconf 87' lang='lat' dir='ltr'><strong>immolationem</strong></span> <span class='ocrx_word' id='word_1_117' title='bbox 2026 959 2244 1015; x_wconf 91' lang='lat' dir='ltr'><strong>postulans</strong></span> <span class='ocrx_word' id='word_1_118' title='bbox 2274 964 2495 1018; x_wconf 83' lang='lat' dir='ltr'><strong>Agamem·</strong></span> 
     </span>
     <span class='ocr_line' id='line_1_13' title="bbox 241 1033 2495 1092; baseline -0.002 -10"><span class='ocrx_word' id='word_1_119' title='bbox 241 1052 395 1082; x_wconf 91' lang='lat' dir='ltr'><strong>nonem</strong></span> <span class='ocrx_word' id='word_1_120' title='bbox 428 1037 519 1080; x_wconf 92' lang='lat' dir='ltr'><strong>dira</strong></span> <span class='ocrx_word' id='word_1_121' title='bbox 550 1051 626 1080; x_wconf 90' lang='lat' dir='ltr'><strong>sua</strong></span> <span class='ocrx_word' id='word_1_122' title='bbox 658 1036 871 1079; x_wconf 85' lang='lat' dir='ltr'><strong>voluntate</strong></span> <span class='ocrx_word' id='word_1_123' title='bbox 902 1034 957 1078; x_wconf 87' lang='lat' dir='ltr'><strong>ad</strong></span> <span class='ocrx_word' id='word_1_124' title='bbox 989 1033 1115 1077; x_wconf 85' lang='lat' dir='ltr'><strong>filiam</strong></span> <span class='ocrx_word' id='word_1_125' title='bbox 1148 1034 1469 1078; x_wconf 84' lang='lat' dir='ltr'><strong>sacrificandam</strong></span> <span class='ocrx_word' id='word_1_126' title='bbox 1512 1034 1739 1090; x_wconf 85' lang='lat' dir='ltr'><strong>protrudit,</strong></span> <span class='ocrx_word' id='word_1_127' title='bbox 1781 1034 1859 1077; x_wconf 91' lang='lat' dir='ltr'><strong>sed</strong></span> <span class='ocrx_word' id='word_1_128' title='bbox 1902 1035 2090 1078; x_wconf 87' lang='lat' dir='ltr'><strong>facturus</strong></span> <span class='ocrx_word' id='word_1_129' title='bbox 2131 1035 2230 1092; x_wconf 90' lang='lat' dir='ltr'><strong>quid</strong></span> <span class='ocrx_word' id='word_1_130' title='bbox 2265 1036 2333 1079; x_wconf 91' lang='lat' dir='ltr'><strong>ille</strong></span> <span class='ocrx_word' id='word_1_131' title='bbox 2371 1043 2495 1086; x_wconf 89' lang='lat' dir='ltr'><strong>esset,</strong></span> 
     </span>
     <span class='ocr_line' id='line_1_14' title="bbox 241 1108 2496 1169; baseline -0 -12"><span class='ocrx_word' id='word_1_132' title='bbox 241 1112 533 1158; x_wconf 88' lang='lat' dir='ltr'><strong>tantummodo</strong></span> <span class='ocrx_word' id='word_1_133' title='bbox 565 1112 751 1155; x_wconf 89' lang='lat' dir='ltr'><strong>tentavit.</strong></span> <span class='ocrx_word' id='word_1_134' title='bbox 813 1110 974 1164; x_wconf 91' lang='lat' dir='ltr'><strong>Quodsi</strong></span> <span class='ocrx_word' id='word_1_135' title='bbox 1008 1115 1296 1169; x_wconf 82' lang='lat' dir='ltr'><strong>Agamemnon</strong></span> <span class='ocrx_word' id='word_1_136' title='bbox 1329 1125 1404 1154; x_wconf 91' lang='lat' dir='ltr'><strong>sua</strong></span> <span class='ocrx_word' id='word_1_137' title='bbox 1439 1111 1596 1168; x_wconf 88' lang='lat' dir='ltr'><strong>potius,</strong></span> <span class='ocrx_word' id='word_1_138' title='bbox 1629 1124 1754 1169; x_wconf 89' lang='lat' dir='ltr'><strong>quam</strong></span> <span class='ocrx_word' id='word_1_139' title='bbox 1788 1108 1882 1153; x_wconf 85' lang='lat' dir='ltr'><strong>filiae</strong></span> <span class='ocrx_word' id='word_1_140' title='bbox 1915 1119 2052 1154; x_wconf 87' lang='lat' dir='ltr'><strong>morte</strong></span> <span class='ocrx_word' id='word_1_141' title='bbox 2085 1111 2187 1155; x_wconf 85' lang='lat' dir='ltr'><strong>iram</strong></span> <span class='ocrx_word' id='word_1_142' title='bbox 2220 1111 2316 1156; x_wconf 85' lang='lat' dir='ltr'><strong>deae</strong></span> <span class='ocrx_word' id='word_1_143' title='bbox 2345 1112 2496 1156; x_wconf 93' lang='lat' dir='ltr'><strong>voluis-</strong></span> 
     </span>
     <span class='ocr_line' id='line_1_15' title="bbox 242 1186 2496 1247; baseline -0 -13"><span class='ocrx_word' id='word_1_144' title='bbox 242 1198 308 1235; x_wconf 91' lang='lat' dir='ltr'><strong>set</strong></span> <span class='ocrx_word' id='word_1_145' title='bbox 338 1189 530 1247; x_wconf 90' lang='lat' dir='ltr'><strong>placare,</strong></span> <span class='ocrx_word' id='word_1_146' title='bbox 563 1202 646 1232; x_wconf 92' lang='lat' dir='ltr'><strong>non</strong></span> <span class='ocrx_word' id='word_1_147' title='bbox 679 1196 744 1231; x_wconf 92' lang='lat' dir='ltr'><strong>est</strong></span> <span class='ocrx_word' id='word_1_148' title='bbox 774 1186 971 1236; x_wconf 91' lang='lat' dir='ltr'><strong>dubium,</strong></span> <span class='ocrx_word' id='word_1_149' title='bbox 1002 1188 1102 1244; x_wconf 88' lang='lat' dir='ltr'><strong>quin</strong></span> <span class='ocrx_word' id='word_1_150' title='bbox 1135 1186 1230 1231; x_wconf 87' lang='lat' dir='ltr'><strong>haec</strong></span> <span class='ocrx_word' id='word_1_151' title='bbox 1261 1186 1549 1230; x_wconf 88' lang='lat' dir='ltr'><strong>misericordia</strong></span> <span class='ocrx_word' id='word_1_152' title='bbox 1583 1196 1713 1237; x_wconf 89' lang='lat' dir='ltr'><strong>mota,</strong></span> <span class='ocrx_word' id='word_1_153' title='bbox 1753 1200 1930 1230; x_wconf 90' lang='lat' dir='ltr'><strong>monens</strong></span> <span class='ocrx_word' id='word_1_154' title='bbox 1961 1195 2138 1237; x_wconf 86' lang='lat' dir='ltr'><strong>tantum,</strong></span> <span class='ocrx_word' id='word_1_155' title='bbox 2169 1198 2215 1231; x_wconf 87' lang='lat' dir='ltr'><strong>ut</strong></span> <span class='ocrx_word' id='word_1_156' title='bbox 2244 1189 2369 1232; x_wconf 92' lang='lat' dir='ltr'><strong>nimia</strong></span> <span class='ocrx_word' id='word_1_157' title='bbox 2401 1203 2496 1233; x_wconf 88' lang='lat' dir='ltr'><strong>cru-</strong></span> 
     </span>
     <span class='ocr_line' id='line_1_16' title="bbox 241 1263 2497 1320; baseline -0.001 -10"><span class='ocrx_word' id='word_1_158' title='bbox 241 1266 412 1311; x_wconf 89' lang='lat' dir='ltr'><strong>delitate</strong></span> <span class='ocrx_word' id='word_1_159' title='bbox 442 1264 722 1313; x_wconf 88' lang='lat' dir='ltr'><strong>abstinerent.</strong></span> <span class='ocrx_word' id='word_1_160' title='bbox 763 1278 890 1307; x_wconf 91' lang='lat' dir='ltr'><strong>omne</strong></span> <span class='ocrx_word' id='word_1_161' title='bbox 921 1263 1204 1320; x_wconf 86' lang='lat' dir='ltr'><strong>expeditionis</strong></span> <span class='ocrx_word' id='word_1_162' title='bbox 1236 1263 1583 1319; x_wconf 89' lang='lat' dir='ltr'><strong>impedimentum</strong></span> <span class='ocrx_word' id='word_1_163' title='bbox 1624 1264 1884 1307; x_wconf 85' lang='lat' dir='ltr'><strong>removisset.</strong></span> <span class='ocrx_word' id='word_1_164' title='bbox 1946 1263 2030 1306; x_wconf 91' lang='lat' dir='ltr'><strong>Sed</strong></span> <span class='ocrx_word' id='word_1_165' title='bbox 2064 1272 2223 1307; x_wconf 90' lang='lat' dir='ltr'><strong>tantum</strong></span> <span class='ocrx_word' id='word_1_166' title='bbox 2254 1265 2406 1316; x_wconf 83' lang='lat' dir='ltr'><strong>abfuit,</strong></span> <span class='ocrx_word' id='word_1_167' title='bbox 2453 1273 2497 1308; x_wconf 89' lang='lat' dir='ltr'><strong>ut</strong></span> 
     </span>
     <span class='ocr_line' id='line_1_17' title="bbox 240 1339 2494 1399; baseline 0 -14"><span class='ocrx_word' id='word_1_168' title='bbox 240 1341 430 1385; x_wconf 88' lang='lat' dir='ltr'><strong>naturale</strong></span> <span class='ocrx_word' id='word_1_169' title='bbox 463 1340 630 1399; x_wconf 87' lang='lat' dir='ltr'><strong>pietatis</strong></span> <span class='ocrx_word' id='word_1_170' title='bbox 659 1339 871 1384; x_wconf 89' lang='lat' dir='ltr'><strong>vinculum</strong></span> <span class='ocrx_word' id='word_1_171' title='bbox 911 1339 1046 1382; x_wconf 90' lang='lat' dir='ltr'><strong>dirimi</strong></span> <span class='ocrx_word' id='word_1_172' title='bbox 1078 1355 1161 1383; x_wconf 92' lang='lat' dir='ltr'><strong>non</strong></span> <span class='ocrx_word' id='word_1_173' title='bbox 1202 1346 1420 1395; x_wconf 89' lang='lat' dir='ltr'><strong>pateretur</strong></span> <span class='ocrx_word' id='word_1_174' title='bbox 1462 1352 1740 1397; x_wconf 88' lang='lat' dir='ltr'><strong>amoremque</strong></span> <span class='ocrx_word' id='word_1_175' title='bbox 1782 1349 2002 1396; x_wconf 88' lang='lat' dir='ltr'><strong>paternum</strong></span> <span class='ocrx_word' id='word_1_176' title='bbox 2045 1354 2122 1383; x_wconf 91' lang='lat' dir='ltr'><strong>suo</strong></span> <span class='ocrx_word' id='word_1_177' title='bbox 2159 1341 2291 1397; x_wconf 87' lang='lat' dir='ltr'><strong>ipsius</strong></span> <span class='ocrx_word' id='word_1_178' title='bbox 2331 1342 2494 1385; x_wconf 87' lang='lat' dir='ltr'><strong>interitu</strong></span> 
     </span>
     <span class='ocr_line' id='line_1_18' title="bbox 239 1414 2492 1475; baseline -0.001 -13"><span class='ocrx_word' id='word_1_179' title='bbox 239 1417 531 1465; x_wconf 84' lang='lat' dir='ltr'><strong>confirmaret,</strong></span> <span class='ocrx_word' id='word_1_180' title='bbox 574 1425 619 1459; x_wconf 91' lang='lat' dir='ltr'><strong>ut</strong></span> <span class='ocrx_word' id='word_1_181' title='bbox 657 1416 783 1459; x_wconf 91' lang='lat' dir='ltr'><strong>animi</strong></span> <span class='ocrx_word' id='word_1_182' title='bbox 822 1415 992 1465; x_wconf 87' lang='lat' dir='ltr'><strong>duritie,</strong></span> <span class='ocrx_word' id='word_1_183' title='bbox 1038 1429 1122 1473; x_wconf 90' lang='lat' dir='ltr'><strong>qua</strong></span> <span class='ocrx_word' id='word_1_184' title='bbox 1164 1424 1250 1458; x_wconf 88' lang='lat' dir='ltr'><strong>tota</strong></span> <span class='ocrx_word' id='word_1_185' title='bbox 1281 1414 1580 1472; x_wconf 84' lang='lat' dir='ltr'><strong>Pelopidarum</strong></span> <span class='ocrx_word' id='word_1_186' title='bbox 1622 1430 1726 1474; x_wconf 82' lang='lat' dir='ltr'><strong>gens</strong></span> <span class='ocrx_word' id='word_1_187' title='bbox 1768 1415 1934 1473; x_wconf 84' lang='lat' dir='ltr'><strong>insignis</strong></span> <span class='ocrx_word' id='word_1_188' title='bbox 1976 1424 2088 1465; x_wconf 90' lang='lat' dir='ltr'><strong>erat,</strong></span> <span class='ocrx_word' id='word_1_189' title='bbox 2130 1425 2172 1460; x_wconf 89' lang='lat' dir='ltr'><strong>et</strong></span> <span class='ocrx_word' id='word_1_190' title='bbox 2211 1418 2304 1475; x_wconf 90' lang='lat' dir='ltr'><strong>ipse</strong></span> <span class='ocrx_word' id='word_1_191' title='bbox 2346 1418 2492 1461; x_wconf 87' lang='lat' dir='ltr'><strong>mirum</strong></span> 
     </span>
     <span class='ocr_line' id='line_1_19' title="bbox 240 1490 2218 1554; baseline -0.001 -16"><span class='ocrx_word' id='word_1_192' title='bbox 240 1502 444 1554; x_wconf 91' lang='lat' dir='ltr'><strong>quantum</strong></span> <span class='ocrx_word' id='word_1_193' title='bbox 477 1492 695 1537; x_wconf 89' lang='lat' dir='ltr'><strong>excellens</strong></span> <span class='ocrx_word' id='word_1_194' title='bbox 727 1492 851 1535; x_wconf 81' lang='lat' dir='ltr'><strong>filiam</strong></span> <span class='ocrx_word' id='word_1_195' title='bbox 884 1493 1006 1535; x_wconf 91' lang='lat' dir='ltr'><strong>morti</strong></span> <span class='ocrx_word' id='word_1_196' title='bbox 1037 1491 1141 1535; x_wconf 90' lang='lat' dir='ltr'><strong>dare</strong></span> <span class='ocrx_word' id='word_1_197' title='bbox 1174 1506 1256 1535; x_wconf 90' lang='lat' dir='ltr'><strong>non</strong></span> <span class='ocrx_word' id='word_1_198' title='bbox 1288 1490 1514 1534; x_wconf 87' lang='lat' dir='ltr'><strong>dubitaret.</strong></span> <span class='ocrx_word' id='word_1_199' title='bbox 1575 1491 1661 1534; x_wconf 90' lang='lat' dir='ltr'><strong>Sed</strong></span> <span class='ocrx_word' id='word_1_200' title='bbox 1700 1504 1927 1549; x_wconf 85' lang='lat' dir='ltr'><strong>pergamus</strong></span> <span class='ocrx_word' id='word_1_201' title='bbox 1958 1491 2132 1549; x_wconf 89' lang='lat' dir='ltr'><strong>reliqua.</strong></span> <span class='ocrx_word' id='word_1_202' title='bbox 2162 1518 2218 1525; x_wconf 95' lang='lat'><strong>—</strong></span> 
     </span>
    </p>

    <p class='ocr_par' dir='ltr' id='par_1_5' title="bbox 240 1567 2497 2384">
     <span class='ocr_line' id='line_1_20' title="bbox 359 1567 2495 1629; baseline 0 -15"><span class='ocrx_word' id='word_1_203' title='bbox 359 1570 525 1614; x_wconf 87' lang='lat' dir='ltr'><strong>Chorus</strong></span> <span class='ocrx_word' id='word_1_204' title='bbox 556 1570 633 1614; x_wconf 90' lang='lat' dir='ltr'><strong>etsi</strong></span> <span class='ocrx_word' id='word_1_205' title='bbox 665 1569 722 1612; x_wconf 87' lang='lat' dir='ltr'><strong>de</strong></span> <span class='ocrx_word' id='word_1_206' title='bbox 753 1570 819 1619; x_wconf 90' lang='lat' dir='ltr'><strong>iis,</strong></span> <span class='ocrx_word' id='word_1_207' title='bbox 852 1583 950 1626; x_wconf 83' lang='lat' dir='ltr'><strong>quae</strong></span> <span class='ocrx_word' id='word_1_208' title='bbox 983 1576 1130 1625; x_wconf 91' lang='lat' dir='ltr'><strong>postea</strong></span> <span class='ocrx_word' id='word_1_209' title='bbox 1163 1568 1403 1616; x_wconf 84' lang='lat' dir='ltr'><strong>evenerint.</strong></span> <span class='ocrx_word' id='word_1_210' title='bbox 1443 1567 1540 1610; x_wconf 86' lang='lat' dir='ltr'><strong>nihil</strong></span> <span class='ocrx_word' id='word_1_211' title='bbox 1574 1582 1671 1612; x_wconf 90' lang='lat' dir='ltr'><strong>sese</strong></span> <span class='ocrx_word' id='word_1_212' title='bbox 1704 1569 1965 1624; x_wconf 89' lang='lat' dir='ltr'><strong>comperisse</strong></span> <span class='ocrx_word' id='word_1_213' title='bbox 1996 1568 2115 1618; x_wconf 89' lang='lat' dir='ltr'><strong>dicit,</strong></span> <span class='ocrx_word' id='word_1_214' title='bbox 2157 1578 2298 1614; x_wconf 88' lang='lat' dir='ltr'><strong>tamen</strong></span> <span class='ocrx_word' id='word_1_215' title='bbox 2330 1571 2495 1629; x_wconf 85' lang='lat' dir='ltr'><strong>iphige-</strong></span> 
     </span>
     <span class='ocr_line' id='line_1_21' title="bbox 240 1639 2496 1702; baseline 0 -12"><span class='ocrx_word' id='word_1_216' title='bbox 240 1648 352 1690; x_wconf 89' lang='lat' dir='ltr'><strong>niam</strong></span> <span class='ocrx_word' id='word_1_217' title='bbox 384 1645 641 1689; x_wconf 89' lang='lat' dir='ltr'><strong>immolatam</strong></span> <span class='ocrx_word' id='word_1_218' title='bbox 674 1659 770 1688; x_wconf 89' lang='lat' dir='ltr'><strong>esse</strong></span> <span class='ocrx_word' id='word_1_219' title='bbox 803 1660 882 1702; x_wconf 92' lang='lat' dir='ltr'><strong>pro</strong></span> <span class='ocrx_word' id='word_1_220' title='bbox 914 1652 1033 1688; x_wconf 91' lang='lat' dir='ltr'><strong>certo</strong></span> <span class='ocrx_word' id='word_1_221' title='bbox 1064 1643 1214 1696; x_wconf 87' lang='lat' dir='ltr'><strong>babet;</strong></span> <span class='ocrx_word' id='word_1_222' title='bbox 1247 1658 1341 1687; x_wconf 92' lang='lat' dir='ltr'><strong>nam</strong></span> <span class='ocrx_word' id='word_1_223' title='bbox 1379 1644 1552 1697; x_wconf 78' lang='grc' dir='ltr'><strong><em>«τέχναι</em></strong></span> <span class='ocrx_word' id='word_1_224' title='bbox 1576 1642 1820 1698; x_wconf 72' lang='grc' dir='ltr'><strong><em>Κάλχαντος</em></strong></span> <span class='ocrx_word' id='word_1_225' title='bbox 1850 1640 1930 1687; x_wconf 78' lang='grc' dir='ltr'><strong>οὐκ</strong></span> <span class='ocrx_word' id='word_1_226' title='bbox 1958 1639 2204 1698; x_wconf 76' lang='grc' dir='ltr'><strong><em>ἄκραντοι.»</em></strong></span> <span class='ocrx_word' id='word_1_227' title='bbox 2240 1647 2315 1690; x_wconf 85' lang='lat' dir='ltr'><strong>cfr.</strong></span> <span class='ocrx_word' id='word_1_228' title='bbox 2344 1661 2380 1690; x_wconf 93' lang='lat' dir='ltr'><strong>v.</strong></span> <span class='ocrx_word' id='word_1_229' title='bbox 2398 1647 2496 1690; x_wconf 74' lang='lat'><strong>245.</strong></span> 
     </span>
     <span class='ocr_line' id='line_1_22' title="bbox 240 1719 2496 1782; baseline 0 -16"><span class='ocrx_word' id='word_1_230' title='bbox 240 1724 328 1766; x_wconf 90' lang='lat' dir='ltr'><strong>lam</strong></span> <span class='ocrx_word' id='word_1_231' title='bbox 361 1721 687 1782; x_wconf 85' lang='lat' dir='ltr'><strong>Clytaemnestra</strong></span> <span class='ocrx_word' id='word_1_232' title='bbox 720 1719 891 1763; x_wconf 87' lang='lat' dir='ltr'><strong>accedit</strong></span> <span class='ocrx_word' id='word_1_233' title='bbox 922 1727 964 1763; x_wconf 93' lang='lat' dir='ltr'><strong>et</strong></span> <span class='ocrx_word' id='word_1_234' title='bbox 997 1719 1163 1763; x_wconf 87' lang='lat' dir='ltr'><strong>Troiam</strong></span> <span class='ocrx_word' id='word_1_235' title='bbox 1196 1728 1364 1776; x_wconf 90' lang='lat' dir='ltr'><strong>captam</strong></span> <span class='ocrx_word' id='word_1_236' title='bbox 1398 1733 1493 1762; x_wconf 82' lang='lat' dir='ltr'><strong>esse</strong></span> <span class='ocrx_word' id='word_1_237' title='bbox 1526 1728 1708 1764; x_wconf 86' lang='lat' dir='ltr'><strong>enarrat.</strong></span> <span class='ocrx_word' id='word_1_238' title='bbox 1767 1723 1902 1778; x_wconf 86' lang='lat' dir='ltr'><strong>Atque</strong></span> <span class='ocrx_word' id='word_1_239' title='bbox 1942 1722 2146 1763; x_wconf 88' lang='lat' dir='ltr'><strong>victorum</strong></span> <span class='ocrx_word' id='word_1_240' title='bbox 2179 1722 2387 1765; x_wconf 91' lang='lat' dir='ltr'><strong>miseriam</strong></span> <span class='ocrx_word' id='word_1_241' title='bbox 2419 1722 2496 1766; x_wconf 91' lang='lat' dir='ltr'><strong>de-</strong></span> 
     </span>
     <span class='ocr_line' id='line_1_23' title="bbox 240 1793 2495 1854; baseline -0 -12"><span class='ocrx_word' id='word_1_242' title='bbox 240 1797 451 1847; x_wconf 89' lang='lat' dir='ltr'><strong>scribens,</strong></span> <span class='ocrx_word' id='word_1_243' title='bbox 493 1796 739 1854; x_wconf 81' lang='lat' dir='ltr'><strong>Argivorum</strong></span> <span class='ocrx_word' id='word_1_244' title='bbox 781 1803 924 1838; x_wconf 84' lang='lat' dir='ltr'><strong>autem</strong></span> <span class='ocrx_word' id='word_1_245' title='bbox 969 1796 1177 1838; x_wconf 86' lang='lat' dir='ltr'><strong>fortunam</strong></span> <span class='ocrx_word' id='word_1_246' title='bbox 1221 1793 1479 1852; x_wconf 85' lang='lat' dir='ltr'><strong>praedicans:</strong></span> <span class='ocrx_word' id='word_1_247' title='bbox 1535 1811 1552 1833; x_wconf 94' lang='lat'>«</span> <span class='ocrx_word' id='word_1_248' title='bbox 1569 1796 1765 1854; x_wconf 79' lang='lat' dir='ltr'><strong>Argivi,1›</strong></span> <span class='ocrx_word' id='word_1_249' title='bbox 1812 1796 1959 1853; x_wconf 90' lang='lat' dir='ltr'><strong>inquit,</strong></span> <span class='ocrx_word' id='word_1_250' title='bbox 2005 1797 2072 1839; x_wconf 81' lang='lat' dir='ltr'><strong>«si</strong></span> <span class='ocrx_word' id='word_1_251' title='bbox 2106 1798 2173 1854; x_wconf 91' lang='lat' dir='ltr'><strong>pie</strong></span> <span class='ocrx_word' id='word_1_252' title='bbox 2206 1798 2328 1841; x_wconf 86' lang='lat' dir='ltr'><strong>victae</strong></span> <span class='ocrx_word' id='word_1_253' title='bbox 2368 1806 2495 1841; x_wconf 83' lang='lat' dir='ltr'><strong>terrae</strong></span> 
     </span>
     <span class='ocr_line' id='line_1_24' title="bbox 242 1869 2496 1931; baseline -0 -14"><span class='ocrx_word' id='word_1_254' title='bbox 242 1873 449 1918; x_wconf 89' lang='lat' dir='ltr'><strong>coluerint</strong></span> <span class='ocrx_word' id='word_1_255' title='bbox 479 1872 587 1915; x_wconf 93' lang='lat' dir='ltr'><strong>deos</strong></span> <span class='ocrx_word' id='word_1_256' title='bbox 618 1883 855 1928; x_wconf 90' lang='lat' dir='ltr'><strong>eorumque</strong></span> <span class='ocrx_word' id='word_1_257' title='bbox 888 1869 1091 1919; x_wconf 90' lang='lat' dir='ltr'><strong>delubra,</strong></span> <span class='ocrx_word' id='word_1_258' title='bbox 1124 1884 1207 1914; x_wconf 93' lang='lat' dir='ltr'><strong>non</strong></span> <span class='ocrx_word' id='word_1_259' title='bbox 1240 1870 1437 1919; x_wconf 88' lang='lat' dir='ltr'><strong>fortasse,</strong></span> <span class='ocrx_word' id='word_1_260' title='bbox 1478 1884 1606 1928; x_wconf 89' lang='lat' dir='ltr'><strong>quum</strong></span> <span class='ocrx_word' id='word_1_261' title='bbox 1641 1872 1756 1927; x_wconf 84' lang='lat' dir='ltr'><strong>prius</strong></span> <span class='ocrx_word' id='word_1_262' title='bbox 1787 1871 1997 1927; x_wconf 86' lang='lat' dir='ltr'><strong>ceperint,</strong></span> <span class='ocrx_word' id='word_1_263' title='bbox 2034 1872 2112 1928; x_wconf 85' lang='lat' dir='ltr'><strong>ipsi</strong></span> <span class='ocrx_word' id='word_1_264' title='bbox 2144 1881 2295 1930; x_wconf 88' lang='lat' dir='ltr'><strong>postea</strong></span> <span class='ocrx_word' id='word_1_265' title='bbox 2325 1874 2496 1931; x_wconf 88' lang='lat' dir='ltr'><strong>capien-</strong></span> 
     </span>
     <span class='ocr_line' id='line_1_25' title="bbox 241 1945 2497 2006; baseline 0 -14"><span class='ocrx_word' id='word_1_266' title='bbox 241 1957 322 1992; x_wconf 91' lang='lat' dir='ltr'><strong>tur.</strong></span> <span class='ocrx_word' id='word_1_267' title='bbox 383 1947 500 2006; x_wconf 93' lang='lat' dir='ltr'><strong>Opto</strong></span> <span class='ocrx_word' id='word_1_268' title='bbox 532 1954 693 1997; x_wconf 90' lang='lat' dir='ltr'><strong>autem,</strong></span> <span class='ocrx_word' id='word_1_269' title='bbox 727 1954 770 1989; x_wconf 93' lang='lat' dir='ltr'><strong>ut</strong></span> <span class='ocrx_word' id='word_1_270' title='bbox 801 1947 1035 1990; x_wconf 83' lang='lat' dir='ltr'><strong>exercitum</strong></span> <span class='ocrx_word' id='word_1_271' title='bbox 1068 1946 1170 1989; x_wconf 89' lang='lat' dir='ltr'><strong>lucri</strong></span> <span class='ocrx_word' id='word_1_272' title='bbox 1203 1945 1403 2003; x_wconf 92' lang='lat' dir='ltr'><strong>cupidum</strong></span> <span class='ocrx_word' id='word_1_273' title='bbox 1436 1959 1557 1989; x_wconf 90' lang='lat' dir='ltr'><strong>amor</strong></span> <span class='ocrx_word' id='word_1_274' title='bbox 1589 1960 1640 1989; x_wconf 91' lang='lat' dir='ltr'><strong>ne</strong></span> <span class='ocrx_word' id='word_1_275' title='bbox 1674 1947 1870 1989; x_wconf 87' lang='lat' dir='ltr'><strong>invaserit</strong></span> <span class='ocrx_word' id='word_1_276' title='bbox 1900 1946 2145 2005; x_wconf 89' lang='lat' dir='ltr'><strong>diripiendi,</strong></span> <span class='ocrx_word' id='word_1_277' title='bbox 2177 1962 2274 2006; x_wconf 82' lang='lat' dir='ltr'><strong>quae</strong></span> <span class='ocrx_word' id='word_1_278' title='bbox 2305 1962 2388 1992; x_wconf 92' lang='lat' dir='ltr'><strong>non</strong></span> <span class='ocrx_word' id='word_1_279' title='bbox 2420 1949 2497 1993; x_wconf 91' lang='lat' dir='ltr'><strong>de-</strong></span> 
     </span>
     <span class='ocr_line' id='line_1_26' title="bbox 240 2021 2495 2084; baseline 0 -15"><span class='ocrx_word' id='word_1_280' title='bbox 240 2034 322 2070; x_wconf 89' lang='lat' dir='ltr'><strong>cet.</strong></span> <span class='ocrx_word' id='word_1_281' title='bbox 382 2025 424 2068; x_wconf 92' lang='lat' dir='ltr'><strong>Si</strong></span> <span class='ocrx_word' id='word_1_282' title='bbox 458 2038 562 2068; x_wconf 86' lang='lat' dir='ltr'><strong>vero</strong></span> <span class='ocrx_word' id='word_1_283' title='bbox 594 2023 807 2067; x_wconf 89' lang='lat' dir='ltr'><strong>exercitus</strong></span> <span class='ocrx_word' id='word_1_284' title='bbox 847 2022 926 2066; x_wconf 91' lang='lat' dir='ltr'><strong>diis</strong></span> <span class='ocrx_word' id='word_1_285' title='bbox 968 2021 1178 2066; x_wconf 85' lang='lat' dir='ltr'><strong>obnoxius</strong></span> <span class='ocrx_word' id='word_1_286' title='bbox 1216 2022 1409 2073; x_wconf 89' lang='lat' dir='ltr'><strong>redierit,</strong></span> <span class='ocrx_word' id='word_1_287' title='bbox 1452 2021 1541 2066; x_wconf 86' lang='lat' dir='ltr'><strong>fieri</strong></span> <span class='ocrx_word' id='word_1_288' title='bbox 1582 2022 1703 2065; x_wconf 87' lang='lat' dir='ltr'><strong>facile</strong></span> <span class='ocrx_word' id='word_1_289' title='bbox 1746 2030 1903 2079; x_wconf 86' lang='lat' dir='ltr'><strong>potest,</strong></span> <span class='ocrx_word' id='word_1_290' title='bbox 1944 2031 1989 2066; x_wconf 86' lang='lat' dir='ltr'><strong>ut</strong></span> <span class='ocrx_word' id='word_1_291' title='bbox 2027 2024 2173 2068; x_wconf 88' lang='lat' dir='ltr'><strong>clades</strong></span> <span class='ocrx_word' id='word_1_292' title='bbox 2216 2039 2383 2072; x_wconf 90' lang='lat' dir='ltr'><strong>eorum.</strong></span> <span class='ocrx_word' id='word_1_293' title='bbox 2425 2026 2495 2084; x_wconf 92' lang='lat' dir='ltr'><strong>qui</strong></span> 
     </span>
     <span class='ocr_line' id='line_1_27' title="bbox 241 2098 2494 2160; baseline -0.001 -14"><span class='ocrx_word' id='word_1_294' title='bbox 241 2102 480 2160; x_wconf 90' lang='lat' dir='ltr'><strong>perierunt,</strong></span> <span class='ocrx_word' id='word_1_295' title='bbox 511 2100 566 2142; x_wconf 92' lang='lat' dir='ltr'><strong>ad</strong></span> <span class='ocrx_word' id='word_1_296' title='bbox 598 2099 824 2143; x_wconf 90' lang='lat' dir='ltr'><strong>vindictam</strong></span> <span class='ocrx_word' id='word_1_297' title='bbox 858 2100 1057 2142; x_wconf 86' lang='lat' dir='ltr'><strong>excitet.»</strong></span> <span class='ocrx_word' id='word_1_298' title='bbox 1095 2113 1131 2141; x_wconf 93' lang='lat' dir='ltr'><strong>v.</strong></span> <span class='ocrx_word' id='word_1_299' title='bbox 1164 2099 1430 2141; x_wconf 72' lang='lat'><strong>337—346.</strong></span> <span class='ocrx_word' id='word_1_300' title='bbox 1463 2123 1515 2129; x_wconf 93' lang='lat'><strong>—</strong></span> <span class='ocrx_word' id='word_1_301' title='bbox 1552 2098 1693 2148; x_wconf 90' lang='lat' dir='ltr'><strong>Vides,</strong></span> <span class='ocrx_word' id='word_1_302' title='bbox 1725 2113 1850 2156; x_wconf 86' lang='lat' dir='ltr'><strong>quam</strong></span> <span class='ocrx_word' id='word_1_303' title='bbox 1884 2113 1966 2144; x_wconf 93' lang='lat' dir='ltr'><strong>non</strong></span> <span class='ocrx_word' id='word_1_304' title='bbox 2000 2099 2184 2143; x_wconf 90' lang='lat' dir='ltr'><strong>obscure</strong></span> <span class='ocrx_word' id='word_1_305' title='bbox 2218 2101 2284 2144; x_wconf 86' lang='lat' dir='ltr'><strong>hic</strong></span> <span class='ocrx_word' id='word_1_306' title='bbox 2316 2102 2494 2159; x_wconf 91' lang='lat' dir='ltr'><strong>primum</strong></span> 
     </span>
     <span class='ocr_line' id='line_1_28' title="bbox 241 2175 2495 2236; baseline 0 -15"><span class='ocrx_word' id='word_1_307' title='bbox 241 2178 473 2236; x_wconf 73' lang='lat' dir='ltr'><strong>Iphigeniae</strong></span> <span class='ocrx_word' id='word_1_308' title='bbox 504 2176 833 2220; x_wconf 88' lang='lat' dir='ltr'><strong>immolationem</strong></span> <span class='ocrx_word' id='word_1_309' title='bbox 866 2184 1019 2233; x_wconf 85' lang='lat' dir='ltr'><strong>tangat.</strong></span> <span class='ocrx_word' id='word_1_310' title='bbox 1081 2176 1209 2218; x_wconf 86' lang='lat' dir='ltr'><strong>Etiam</strong></span> <span class='ocrx_word' id='word_1_311' title='bbox 1241 2175 1465 2233; x_wconf 84' lang='lat' dir='ltr'><strong>significat,</strong></span> <span class='ocrx_word' id='word_1_312' title='bbox 1506 2177 1681 2233; x_wconf 80' lang='lat' dir='ltr'><strong>Argivos</strong></span> <span class='ocrx_word' id='word_1_313' title='bbox 1714 2190 1759 2219; x_wconf 87' lang='lat' dir='ltr'><strong>re</strong></span> <span class='ocrx_word' id='word_1_314' title='bbox 1793 2189 1892 2219; x_wconf 90' lang='lat' dir='ltr'><strong>vera</strong></span> <span class='ocrx_word' id='word_1_315' title='bbox 1926 2178 2178 2233; x_wconf 81' lang='lat' dir='ltr'><strong>perfecisse,</strong></span> <span class='ocrx_word' id='word_1_316' title='bbox 2217 2191 2314 2235; x_wconf 86' lang='lat' dir='ltr'><strong>quae</strong></span> <span class='ocrx_word' id='word_1_317' title='bbox 2347 2187 2495 2235; x_wconf 91' lang='lat' dir='ltr'><strong>postea</strong></span> 
     </span>
     <span class='ocr_line' id='line_1_29' title="bbox 241 2247 2497 2312; baseline 0 -15"><span class='ocrx_word' id='word_1_318' title='bbox 241 2268 266 2297; x_wconf 89' lang='lat' dir='ltr'><strong>a</strong></span> <span class='ocrx_word' id='word_1_319' title='bbox 298 2267 499 2312; x_wconf 86' lang='lat' dir='ltr'><strong>praecone</strong></span> <span class='ocrx_word' id='word_1_320' title='bbox 541 2252 803 2296; x_wconf 86' lang='lat' dir='ltr'><strong>enarrantur.</strong></span> <span class='ocrx_word' id='word_1_321' title='bbox 863 2253 965 2295; x_wconf 90' lang='lat' dir='ltr'><strong>Nam</strong></span> <span class='ocrx_word' id='word_1_322' title='bbox 1013 2251 1185 2307; x_wconf 75' lang='grc' dir='ltr'>«βωμοὶ</span> <span class='ocrx_word' id='word_1_323' title='bbox 1216 2249 1252 2294; x_wconf 84' lang='grc' dir='ltr'><strong>δ’</strong></span> <span class='ocrx_word' id='word_1_324' title='bbox 1284 2247 1419 2296; x_wconf 75' lang='grc' dir='ltr'><strong><em>ἄιστοι</em></strong></span> <span class='ocrx_word' id='word_1_325' title='bbox 1460 2252 1528 2295; x_wconf 83' lang='grc' dir='ltr'><strong>καὶ</strong></span> <span class='ocrx_word' id='word_1_326' title='bbox 1558 2253 1677 2304; x_wconf 75' lang='grc' dir='ltr'><strong><em>θεῶν</em></strong></span> <span class='ocrx_word' id='word_1_327' title='bbox 1705 2250 1913 2307; x_wconf 77' lang='grc' dir='ltr'><strong><em>ἱδρύματα</em></strong></span> <span class='ocrx_word' id='word_1_328' title='bbox 1949 2253 2018 2296; x_wconf 83' lang='grc' dir='ltr'><strong>καὶ</strong></span> <span class='ocrx_word' id='word_1_329' title='bbox 2055 2253 2216 2309; x_wconf 83' lang='grc' dir='ltr'><strong><em>σπέρμα</em></strong></span> <span class='ocrx_word' id='word_1_330' title='bbox 2245 2252 2383 2309; x_wconf 76' lang='grc' dir='ltr'><strong><em>πάσης</em></strong></span> <span class='ocrx_word' id='word_1_331' title='bbox 2412 2254 2497 2307; x_wconf 82' lang='grc' dir='ltr'><strong><em>ἐξα-</em></strong></span> 
     </span>
     <span class='ocr_line' id='line_1_30' title="bbox 240 2326 1109 2384; baseline -0.003 -11"><span class='ocrx_word' id='word_1_332' title='bbox 240 2327 446 2373; x_wconf 83' lang='grc' dir='ltr'><strong><em>πόλλυται</em></strong></span> <span class='ocrx_word' id='word_1_333' title='bbox 473 2326 676 2384; x_wconf 81' lang='grc' dir='ltr'><strong><em>χθονός.»</em></strong></span> <span class='ocrx_word' id='word_1_334' title='bbox 715 2343 750 2371; x_wconf 84' lang='grc' dir='ltr'><strong>ν.</strong></span> <span class='ocrx_word' id='word_1_335' title='bbox 782 2328 1025 2371; x_wconf 71' lang='grc'><strong>521-526.</strong></span> <span class='ocrx_word' id='word_1_336' title='bbox 1058 2353 1109 2359; x_wconf 86' lang='grc'>-</span> 
     </span>
    </p>

    <p class='ocr_par' dir='ltr' id='par_1_6' title="bbox 239 2403 2496 3302">
     <span class='ocr_line' id='line_1_31' title="bbox 359 2403 2495 2463; baseline 0 -16"><span class='ocrx_word' id='word_1_337' title='bbox 359 2406 586 2463; x_wconf 86' lang='lat' dir='ltr'><strong>Postquam</strong></span> <span class='ocrx_word' id='word_1_338' title='bbox 628 2404 731 2447; x_wconf 90' lang='lat' dir='ltr'><strong>abiit</strong></span> <span class='ocrx_word' id='word_1_339' title='bbox 761 2403 1104 2463; x_wconf 68' lang='lat' dir='ltr'><strong>Clytaemnestra,</strong></span> <span class='ocrx_word' id='word_1_340' title='bbox 1149 2403 1307 2446; x_wconf 87' lang='lat' dir='ltr'><strong>chorus</strong></span> <span class='ocrx_word' id='word_1_341' title='bbox 1337 2405 1427 2446; x_wconf 83' lang='lat' dir='ltr'><strong>Jovi</strong></span> <span class='ocrx_word' id='word_1_342' title='bbox 1472 2404 1689 2461; x_wconf 84' lang='lat' dir='ltr'><strong>hospitali,</strong></span> <span class='ocrx_word' id='word_1_343' title='bbox 1733 2405 1802 2461; x_wconf 91' lang='lat' dir='ltr'><strong>qui</strong></span> <span class='ocrx_word' id='word_1_344' title='bbox 1847 2405 1943 2446; x_wconf 89' lang='lat' dir='ltr'><strong>iuris</strong></span> <span class='ocrx_word' id='word_1_345' title='bbox 1984 2404 2221 2462; x_wconf 84' lang='lat' dir='ltr'><strong>hospitalis,</strong></span> <span class='ocrx_word' id='word_1_346' title='bbox 2264 2407 2442 2463; x_wconf 89' lang='lat' dir='ltr'><strong>turpiter</strong></span> <span class='ocrx_word' id='word_1_347' title='bbox 2471 2420 2495 2449; x_wconf 88' lang='lat' dir='ltr'><strong>a</strong></span> 
     </span>
     <span class='ocr_line' id='line_1_32' title="bbox 241 2479 2496 2537; baseline -0 -11"><span class='ocrx_word' id='word_1_348' title='bbox 241 2481 393 2525; x_wconf 88' lang='lat' dir='ltr'><strong>Paride</strong></span> <span class='ocrx_word' id='word_1_349' title='bbox 425 2480 587 2529; x_wconf 86' lang='lat' dir='ltr'><strong>violati,</strong></span> <span class='ocrx_word' id='word_1_350' title='bbox 628 2480 781 2522; x_wconf 88' lang='lat' dir='ltr'><strong>vindex</strong></span> <span class='ocrx_word' id='word_1_351' title='bbox 814 2480 1035 2528; x_wconf 90' lang='lat' dir='ltr'><strong>exstiterit,</strong></span> <span class='ocrx_word' id='word_1_352' title='bbox 1066 2480 1221 2536; x_wconf 82' lang='lat' dir='ltr'><strong>gratias</strong></span> <span class='ocrx_word' id='word_1_353' title='bbox 1263 2480 1349 2536; x_wconf 87' lang='lat' dir='ltr'><strong>agit</strong></span> <span class='ocrx_word' id='word_1_354' title='bbox 1377 2480 1583 2536; x_wconf 88' lang='lat' dir='ltr'><strong>additque</strong></span> <span class='ocrx_word' id='word_1_355' title='bbox 1624 2481 1766 2537; x_wconf 84' lang='lat' dir='ltr'><strong>gravia</strong></span> <span class='ocrx_word' id='word_1_356' title='bbox 1807 2479 1956 2530; x_wconf 88' lang='lat' dir='ltr'><strong>verba,</strong></span> <span class='ocrx_word' id='word_1_357' title='bbox 1999 2495 2094 2523; x_wconf 91' lang='lat' dir='ltr'><strong>eum</strong></span> <span class='ocrx_word' id='word_1_358' title='bbox 2129 2495 2212 2524; x_wconf 91' lang='lat' dir='ltr'><strong>non</strong></span> <span class='ocrx_word' id='word_1_359' title='bbox 2243 2495 2339 2525; x_wconf 91' lang='lat' dir='ltr'><strong>esse</strong></span> <span class='ocrx_word' id='word_1_360' title='bbox 2372 2483 2496 2537; x_wconf 89' lang='lat' dir='ltr'><strong>pium,</strong></span> 
     </span>
     <span class='ocr_line' id='line_1_33' title="bbox 239 2555 2496 2616; baseline 0 -16"><span class='ocrx_word' id='word_1_361' title='bbox 239 2559 312 2616; x_wconf 90' lang='lat' dir='ltr'><strong>qui</strong></span> <span class='ocrx_word' id='word_1_362' title='bbox 345 2557 559 2614; x_wconf 87' lang='lat' dir='ltr'><strong>opinetur.</strong></span> <span class='ocrx_word' id='word_1_363' title='bbox 590 2555 700 2599; x_wconf 89' lang='lat' dir='ltr'><strong>deos</strong></span> <span class='ocrx_word' id='word_1_364' title='bbox 729 2569 877 2598; x_wconf 87' lang='lat' dir='ltr'><strong>eorum</strong></span> <span class='ocrx_word' id='word_1_365' title='bbox 910 2569 1051 2611; x_wconf 92' lang='lat' dir='ltr'><strong>neque</strong></span> <span class='ocrx_word' id='word_1_366' title='bbox 1083 2569 1234 2598; x_wconf 89' lang='lat' dir='ltr'><strong>curare</strong></span> <span class='ocrx_word' id='word_1_367' title='bbox 1266 2570 1407 2612; x_wconf 91' lang='lat' dir='ltr'><strong>neque</strong></span> <span class='ocrx_word' id='word_1_368' title='bbox 1440 2555 1583 2599; x_wconf 88' lang='lat' dir='ltr'><strong>ulcisci</strong></span> <span class='ocrx_word' id='word_1_369' title='bbox 1623 2555 1827 2605; x_wconf 84' lang='lat' dir='ltr'><strong>facinora,</strong></span> <span class='ocrx_word' id='word_1_370' title='bbox 1868 2556 1938 2612; x_wconf 89' lang='lat' dir='ltr'><strong>qui</strong></span> <span class='ocrx_word' id='word_1_371' title='bbox 1970 2556 2084 2613; x_wconf 91' lang='lat' dir='ltr'><strong>quod</strong></span> <span class='ocrx_word' id='word_1_372' title='bbox 2118 2565 2307 2600; x_wconf 89' lang='lat' dir='ltr'><strong>sanctum</strong></span> <span class='ocrx_word' id='word_1_373' title='bbox 2339 2558 2391 2601; x_wconf 90' lang='lat' dir='ltr'><strong>sit</strong></span> <span class='ocrx_word' id='word_1_374' title='bbox 2422 2573 2496 2602; x_wconf 91' lang='lat' dir='ltr'><strong>ne-</strong></span> 
     </span>
     <span class='ocr_line' id='line_1_34' title="bbox 239 2630 2493 2692; baseline 0 -14"><span class='ocrx_word' id='word_1_375' title='bbox 239 2636 390 2692; x_wconf 83' lang='lat' dir='ltr'><strong>fasque</strong></span> <span class='ocrx_word' id='word_1_376' title='bbox 423 2633 585 2679; x_wconf 82' lang='lat' dir='ltr'><strong>violari,</strong></span> <span class='ocrx_word' id='word_1_377' title='bbox 617 2630 884 2675; x_wconf 84' lang='lat' dir='ltr'><strong>conculcent.</strong></span> <span class='ocrx_word' id='word_1_378' title='bbox 934 2631 1082 2688; x_wconf 91' lang='lat' dir='ltr'><strong>Neque</strong></span> <span class='ocrx_word' id='word_1_379' title='bbox 1114 2630 1278 2674; x_wconf 84' lang='lat' dir='ltr'><strong>divitias</strong></span> <span class='ocrx_word' id='word_1_380' title='bbox 1309 2638 1438 2688; x_wconf 90' lang='lat' dir='ltr'><strong>atque</strong></span> <span class='ocrx_word' id='word_1_381' title='bbox 1471 2645 1578 2687; x_wconf 93' lang='lat' dir='ltr'><strong>opes</strong></span> <span class='ocrx_word' id='word_1_382' title='bbox 1610 2646 1685 2674; x_wconf 88' lang='lat' dir='ltr'><strong>eos</strong></span> <span class='ocrx_word' id='word_1_383' title='bbox 1717 2630 1952 2675; x_wconf 84' lang='lat' dir='ltr'><strong>defendere</strong></span> <span class='ocrx_word' id='word_1_384' title='bbox 1984 2631 2039 2676; x_wconf 90' lang='lat' dir='ltr'><strong>ab</strong></span> <span class='ocrx_word' id='word_1_385' title='bbox 2062 2634 2247 2682; x_wconf 90' lang='lat' dir='ltr'><strong>interitu,</strong></span> <span class='ocrx_word' id='word_1_386' title='bbox 2279 2634 2348 2691; x_wconf 92' lang='lat' dir='ltr'><strong>qui</strong></span> <span class='ocrx_word' id='word_1_387' title='bbox 2372 2635 2493 2678; x_wconf 91' lang='lat' dir='ltr'><strong>nimia</strong></span> 
     </span>
     <span class='ocr_line' id='line_1_35' title="bbox 239 2705 2494 2768; baseline -0.001 -13"><span class='ocrx_word' id='word_1_388' title='bbox 239 2710 389 2756; x_wconf 91' lang='lat' dir='ltr'><strong>imbuti</strong></span> <span class='ocrx_word' id='word_1_389' title='bbox 419 2707 595 2758; x_wconf 86' lang='lat' dir='ltr'><strong>fiducia,</strong></span> <span class='ocrx_word' id='word_1_390' title='bbox 627 2714 776 2750; x_wconf 89' lang='lat' dir='ltr'><strong>contra</strong></span> <span class='ocrx_word' id='word_1_391' title='bbox 808 2706 871 2749; x_wconf 90' lang='lat' dir='ltr'><strong>ius</strong></span> <span class='ocrx_word' id='word_1_392' title='bbox 901 2705 1162 2764; x_wconf 88' lang='lat' dir='ltr'><strong>superbiant.</strong></span> <span class='ocrx_word' id='word_1_393' title='bbox 1224 2707 1352 2749; x_wconf 88' lang='lat' dir='ltr'><strong>Huius</strong></span> <span class='ocrx_word' id='word_1_394' title='bbox 1384 2707 1443 2749; x_wconf 90' lang='lat' dir='ltr'><strong>rei</strong></span> <span class='ocrx_word' id='word_1_395' title='bbox 1477 2715 1627 2749; x_wconf 83' lang='lat' dir='ltr'><strong>testem</strong></span> <span class='ocrx_word' id='word_1_396' title='bbox 1663 2721 1757 2749; x_wconf 88' lang='lat' dir='ltr'><strong>esse</strong></span> <span class='ocrx_word' id='word_1_397' title='bbox 1790 2707 2002 2758; x_wconf 86' lang='lat' dir='ltr'><strong>Paridem,</strong></span> <span class='ocrx_word' id='word_1_398' title='bbox 2034 2710 2104 2768; x_wconf 86' lang='lat' dir='ltr'><strong>qui</strong></span> <span class='ocrx_word' id='word_1_399' title='bbox 2128 2708 2287 2752; x_wconf 88' lang='lat' dir='ltr'><strong>Helena</strong></span> <span class='ocrx_word' id='word_1_400' title='bbox 2319 2709 2494 2754; x_wconf 90' lang='lat' dir='ltr'><strong>seducta</strong></span> 
     </span>
     <span class='ocr_line' id='line_1_36' title="bbox 239 2783 2494 2844; baseline -0 -12"><span class='ocrx_word' id='word_1_401' title='bbox 239 2788 304 2832; x_wconf 90' lang='lat' dir='ltr'><strong>ius</strong></span> <span class='ocrx_word' id='word_1_402' title='bbox 335 2784 544 2844; x_wconf 89' lang='lat' dir='ltr'><strong>hospitale</strong></span> <span class='ocrx_word' id='word_1_403' title='bbox 578 2783 809 2828; x_wconf 90' lang='lat' dir='ltr'><strong>violaverit.</strong></span> <span class='ocrx_word' id='word_1_404' title='bbox 842 2797 878 2826; x_wconf 90' lang='lat' dir='ltr'><strong>v.</strong></span> <span class='ocrx_word' id='word_1_405' title='bbox 909 2783 1155 2826; x_wconf 63' lang='lat'><strong>360—4011.</strong></span> <span class='ocrx_word' id='word_1_406' title='bbox 1221 2783 1429 2827; x_wconf 87' lang='lat' dir='ltr'><strong>Describit</strong></span> <span class='ocrx_word' id='word_1_407' title='bbox 1459 2783 1615 2827; x_wconf 87' lang='lat' dir='ltr'><strong>deinde</strong></span> <span class='ocrx_word' id='word_1_408' title='bbox 1649 2783 1820 2828; x_wconf 86' lang='lat' dir='ltr'><strong>Helenae</strong></span> <span class='ocrx_word' id='word_1_409' title='bbox 1853 2785 1991 2844; x_wconf 83' lang='lat' dir='ltr'><strong>sugam</strong></span> <span class='ocrx_word' id='word_1_410' title='bbox 2025 2794 2067 2830; x_wconf 88' lang='lat' dir='ltr'><strong>et</strong></span> <span class='ocrx_word' id='word_1_411' title='bbox 2090 2786 2266 2830; x_wconf 85' lang='lat' dir='ltr'><strong>Menelai</strong></span> <span class='ocrx_word' id='word_1_412' title='bbox 2298 2786 2354 2829; x_wconf 91' lang='lat' dir='ltr'><strong>ob</strong></span> <span class='ocrx_word' id='word_1_413' title='bbox 2387 2787 2494 2832; x_wconf 87' lang='lat' dir='ltr'><strong>hanc</strong></span> 
     </span>
     <span class='ocr_line' id='line_1_37' title="bbox 241 2860 2495 2923; baseline -0 -14"><span class='ocrx_word' id='word_1_414' title='bbox 241 2866 374 2923; x_wconf 90' lang='lat' dir='ltr'><strong>ipsam</strong></span> <span class='ocrx_word' id='word_1_415' title='bbox 416 2875 588 2907; x_wconf 90' lang='lat' dir='ltr'><strong>causam</strong></span> <span class='ocrx_word' id='word_1_416' title='bbox 632 2868 840 2904; x_wconf 88' lang='lat' dir='ltr'><strong>moestam</strong></span> <span class='ocrx_word' id='word_1_417' title='bbox 882 2861 1099 2904; x_wconf 91' lang='lat' dir='ltr'><strong>tristitiam.</strong></span> <span class='ocrx_word' id='word_1_418' title='bbox 1160 2861 1261 2904; x_wconf 90' lang='lat' dir='ltr'><strong>Tum</strong></span> <span class='ocrx_word' id='word_1_419' title='bbox 1296 2875 1399 2904; x_wconf 92' lang='lat' dir='ltr'><strong>vero</strong></span> <span class='ocrx_word' id='word_1_420' title='bbox 1432 2860 1510 2904; x_wconf 85' lang='lat' dir='ltr'><strong>hos</strong></span> <span class='ocrx_word' id='word_1_421' title='bbox 1542 2860 1713 2918; x_wconf 86' lang='lat' dir='ltr'><strong>quidem</strong></span> <span class='ocrx_word' id='word_1_422' title='bbox 1746 2862 1802 2904; x_wconf 88' lang='lat' dir='ltr'><strong>ait</strong></span> <span class='ocrx_word' id='word_1_423' title='bbox 1832 2861 2003 2907; x_wconf 89' lang='lat' dir='ltr'><strong>dolores</strong></span> <span class='ocrx_word' id='word_1_424' title='bbox 2036 2864 2073 2906; x_wconf 91' lang='lat' dir='ltr'><strong>in</strong></span> <span class='ocrx_word' id='word_1_425' title='bbox 2107 2864 2206 2921; x_wconf 89' lang='lat' dir='ltr'><strong>ipsis</strong></span> <span class='ocrx_word' id='word_1_426' title='bbox 2238 2863 2362 2922; x_wconf 83' lang='lat' dir='ltr'><strong>regiis</strong></span> <span class='ocrx_word' id='word_1_427' title='bbox 2393 2864 2495 2908; x_wconf 89' lang='lat' dir='ltr'><strong>aedi-</strong></span> 
     </span>
     <span class='ocr_line' id='line_1_38' title="bbox 241 2936 2495 3000; baseline -0 -15"><span class='ocrx_word' id='word_1_428' title='bbox 241 2941 323 2985; x_wconf 88' lang='lat' dir='ltr'><strong>bus</strong></span> <span class='ocrx_word' id='word_1_429' title='bbox 353 2939 563 2996; x_wconf 85' lang='lat' dir='ltr'><strong>(Menelai)</strong></span> <span class='ocrx_word' id='word_1_430' title='bbox 596 2938 746 2990; x_wconf 84' lang='lat' dir='ltr'><strong>suisse;</strong></span> <span class='ocrx_word' id='word_1_431' title='bbox 780 2936 844 2979; x_wconf 91' lang='lat' dir='ltr'><strong>his</strong></span> <span class='ocrx_word' id='word_1_432' title='bbox 876 2950 978 2980; x_wconf 88' lang='lat' dir='ltr'><strong>vero</strong></span> <span class='ocrx_word' id='word_1_433' title='bbox 1011 2937 1141 2979; x_wconf 90' lang='lat' dir='ltr'><strong>multo</strong></span> <span class='ocrx_word' id='word_1_434' title='bbox 1174 2951 1269 2980; x_wconf 90' lang='lat' dir='ltr'><strong>esse</strong></span> <span class='ocrx_word' id='word_1_435' title='bbox 1302 2938 1496 2980; x_wconf 88' lang='lat' dir='ltr'><strong>maiores.</strong></span> <span class='ocrx_word' id='word_1_436' title='bbox 1557 2937 1659 2979; x_wconf 86' lang='lat' dir='ltr'><strong>Nam</strong></span> <span class='ocrx_word' id='word_1_437' title='bbox 1693 2946 1870 2996; x_wconf 90' lang='lat' dir='ltr'><strong>propter</strong></span> <span class='ocrx_word' id='word_1_438' title='bbox 1901 2953 1998 2988; x_wconf 87' lang='lat' dir='ltr'><strong>eos,</strong></span> <span class='ocrx_word' id='word_1_439' title='bbox 2041 2941 2111 2998; x_wconf 88' lang='lat' dir='ltr'><strong>qui</strong></span> <span class='ocrx_word' id='word_1_440' title='bbox 2144 2954 2168 2983; x_wconf 92' lang='lat' dir='ltr'><strong>e</strong></span> <span class='ocrx_word' id='word_1_441' title='bbox 2201 2948 2313 2983; x_wconf 87' lang='lat' dir='ltr'><strong>terra</strong></span> <span class='ocrx_word' id='word_1_442' title='bbox 2353 2955 2495 3000; x_wconf 82' lang='lat' dir='ltr'><strong>graeca</strong></span> 
     </span>
     <span class='ocr_line' id='line_1_39' title="bbox 242 3012 2492 3075; baseline 0 -15"><span class='ocrx_word' id='word_1_443' title='bbox 242 3018 421 3075; x_wconf 79' lang='lat' dir='ltr'><strong>profecti</strong></span> <span class='ocrx_word' id='word_1_444' title='bbox 453 3018 549 3064; x_wconf 89' lang='lat' dir='ltr'><strong>sint,</strong></span> <span class='ocrx_word' id='word_1_445' title='bbox 592 3027 845 3062; x_wconf 89' lang='lat' dir='ltr'><strong>moerorem,</strong></span> <span class='ocrx_word' id='word_1_446' title='bbox 890 3015 1071 3054; x_wconf 87' lang='lat' dir='ltr'><strong>animum</strong></span> <span class='ocrx_word' id='word_1_447' title='bbox 1115 3012 1394 3071; x_wconf 82' lang='lat' dir='ltr'><strong>affligentem,</strong></span> <span class='ocrx_word' id='word_1_448' title='bbox 1435 3015 1471 3054; x_wconf 89' lang='lat' dir='ltr'><strong>in</strong></span> <span class='ocrx_word' id='word_1_449' title='bbox 1505 3014 1709 3070; x_wconf 91' lang='lat' dir='ltr'><strong>cuiusque</strong></span> <span class='ocrx_word' id='word_1_450' title='bbox 1742 3015 1871 3057; x_wconf 93' lang='lat' dir='ltr'><strong>domo</strong></span> <span class='ocrx_word' id='word_1_451' title='bbox 1903 3017 2061 3074; x_wconf 84' lang='lat' dir='ltr'><strong>agitari.</strong></span> <span class='ocrx_word' id='word_1_452' title='bbox 2122 3018 2203 3059; x_wconf 90' lang='lat' dir='ltr'><strong>Pro</strong></span> <span class='ocrx_word' id='word_1_453' title='bbox 2247 3017 2342 3059; x_wconf 91' lang='lat' dir='ltr'><strong>viris</strong></span> <span class='ocrx_word' id='word_1_454' title='bbox 2383 3021 2492 3060; x_wconf 89' lang='lat' dir='ltr'><strong>enim</strong></span> 
     </span>
     <span class='ocr_line' id='line_1_40' title="bbox 239 3088 2489 3149; baseline 0 -14"><span class='ocrx_word' id='word_1_455' title='bbox 239 3105 359 3136; x_wconf 89' lang='lat' dir='ltr'><strong>arma</strong></span> <span class='ocrx_word' id='word_1_456' title='bbox 392 3099 434 3134; x_wconf 92' lang='lat' dir='ltr'><strong>et</strong></span> <span class='ocrx_word' id='word_1_457' title='bbox 465 3093 631 3133; x_wconf 89' lang='lat' dir='ltr'><strong>cineres</strong></span> <span class='ocrx_word' id='word_1_458' title='bbox 660 3092 700 3132; x_wconf 92' lang='lat' dir='ltr'><strong>in</strong></span> <span class='ocrx_word' id='word_1_459' title='bbox 732 3088 989 3146; x_wconf 85' lang='lat' dir='ltr'><strong>singulorum</strong></span> <span class='ocrx_word' id='word_1_460' title='bbox 1022 3089 1174 3132; x_wconf 93' lang='lat' dir='ltr'><strong>domos</strong></span> <span class='ocrx_word' id='word_1_461' title='bbox 1205 3090 1359 3131; x_wconf 89' lang='lat' dir='ltr'><strong>reverti</strong></span> <span class='ocrx_word' id='word_1_462' title='bbox 1392 3089 1449 3131; x_wconf 93' lang='lat' dir='ltr'><strong>ob</strong></span> <span class='ocrx_word' id='word_1_463' title='bbox 1490 3101 1672 3144; x_wconf 88' lang='lat' dir='ltr'><strong>eamque</strong></span> <span class='ocrx_word' id='word_1_464' title='bbox 1715 3103 1887 3132; x_wconf 87' lang='lat' dir='ltr'><strong>causam</strong></span> <span class='ocrx_word' id='word_1_465' title='bbox 1929 3092 2080 3135; x_wconf 90' lang='lat' dir='ltr'><strong>multos</strong></span> <span class='ocrx_word' id='word_1_466' title='bbox 2120 3106 2235 3140; x_wconf 89' lang='lat' dir='ltr'><strong>esse,</strong></span> <span class='ocrx_word' id='word_1_467' title='bbox 2279 3094 2349 3149; x_wconf 91' lang='lat' dir='ltr'><strong>qui</strong></span> <span class='ocrx_word' id='word_1_468' title='bbox 2391 3094 2489 3136; x_wconf 90' lang='lat' dir='ltr'><strong>indi-</strong></span> 
     </span>
     <span class='ocr_line' id='line_1_41' title="bbox 239 3163 2496 3227; baseline 0.001 -17"><span class='ocrx_word' id='word_1_469' title='bbox 239 3176 420 3227; x_wconf 82' lang='lat' dir='ltr'><strong>gnantes</strong></span> <span class='ocrx_word' id='word_1_470' title='bbox 451 3166 629 3208; x_wconf 90' lang='lat' dir='ltr'><strong>fremant</strong></span> <span class='ocrx_word' id='word_1_471' title='bbox 661 3174 704 3208; x_wconf 92' lang='lat' dir='ltr'><strong>et</strong></span> <span class='ocrx_word' id='word_1_472' title='bbox 737 3163 889 3206; x_wconf 89' lang='lat' dir='ltr'><strong>invidia</strong></span> <span class='ocrx_word' id='word_1_473' title='bbox 923 3163 1177 3213; x_wconf 72' lang='lat' dir='ltr'><strong>Atridarum,</strong></span> <span class='ocrx_word' id='word_1_474' title='bbox 1210 3164 1288 3207; x_wconf 91' lang='lat' dir='ltr'><strong>litis</strong></span> <span class='ocrx_word' id='word_1_475' title='bbox 1318 3172 1561 3212; x_wconf 88' lang='lat' dir='ltr'><strong>auctorum,</strong></span> <span class='ocrx_word' id='word_1_476' title='bbox 1602 3165 1750 3221; x_wconf 89' lang='lat' dir='ltr'><strong>repleti</strong></span> <span class='ocrx_word' id='word_1_477' title='bbox 1781 3167 1873 3209; x_wconf 91' lang='lat' dir='ltr'><strong>sint.</strong></span> <span class='ocrx_word' id='word_1_478' title='bbox 1933 3167 2080 3225; x_wconf 90' lang='lat' dir='ltr'><strong>ltaque</strong></span> <span class='ocrx_word' id='word_1_479' title='bbox 2111 3167 2312 3211; x_wconf 79' lang='lat' dir='ltr'><strong>invadere</strong></span> <span class='ocrx_word' id='word_1_480' title='bbox 2343 3183 2390 3212; x_wconf 91' lang='lat' dir='ltr'><strong>se</strong></span> <span class='ocrx_word' id='word_1_481' title='bbox 2422 3183 2496 3212; x_wconf 83' lang='lat' dir='ltr'><strong>cu·</strong></span> 
     </span>
     <span class='ocr_line' id='line_1_42' title="bbox 241 3239 2495 3302; baseline 0.001 -16"><span class='ocrx_word' id='word_1_482' title='bbox 241 3257 352 3289; x_wconf 89' lang='lat' dir='ltr'><strong>ram.</strong></span> <span class='ocrx_word' id='word_1_483' title='bbox 397 3256 452 3284; x_wconf 90' lang='lat' dir='ltr'><strong>ne</strong></span> <span class='ocrx_word' id='word_1_484' title='bbox 484 3241 583 3298; x_wconf 84' lang='lat' dir='ltr'><strong>quid</strong></span> <span class='ocrx_word' id='word_1_485' title='bbox 617 3240 760 3283; x_wconf 89' lang='lat' dir='ltr'><strong>audiat</strong></span> <span class='ocrx_word' id='word_1_486' title='bbox 791 3239 881 3281; x_wconf 91' lang='lat' dir='ltr'><strong>atri.</strong></span> <span class='ocrx_word' id='word_1_487' title='bbox 942 3240 1089 3296; x_wconf 87' lang='lat' dir='ltr'><strong>Neque</strong></span> <span class='ocrx_word' id='word_1_488' title='bbox 1131 3241 1241 3281; x_wconf 88' lang='lat' dir='ltr'><strong>enim</strong></span> <span class='ocrx_word' id='word_1_489' title='bbox 1284 3254 1382 3289; x_wconf 78' lang='lat' dir='ltr'><strong>eoS,</strong></span> <span class='ocrx_word' id='word_1_490' title='bbox 1420 3242 1490 3296; x_wconf 89' lang='lat' dir='ltr'><strong>qui</strong></span> <span class='ocrx_word' id='word_1_491' title='bbox 1531 3239 1682 3282; x_wconf 89' lang='lat' dir='ltr'><strong>multos</strong></span> <span class='ocrx_word' id='word_1_492' title='bbox 1714 3242 1965 3291; x_wconf 87' lang='lat' dir='ltr'><strong>occiderint,</strong></span> <span class='ocrx_word' id='word_1_493' title='bbox 2009 3257 2032 3285; x_wconf 88' lang='lat' dir='ltr'><strong>a</strong></span> <span class='ocrx_word' id='word_1_494' title='bbox 2064 3243 2142 3285; x_wconf 89' lang='lat' dir='ltr'><strong>diis</strong></span> <span class='ocrx_word' id='word_1_495' title='bbox 2172 3257 2254 3285; x_wconf 92' lang='lat' dir='ltr'><strong>non</strong></span> <span class='ocrx_word' id='word_1_496' title='bbox 2295 3245 2495 3302; x_wconf 91' lang='lat' dir='ltr'><strong>conspici,</strong></span> 
     </span>
    </p>
   </div>
  </div>
 </body>
</html>
