2774 3741
1322 77 1349 120 6

206 216 360 260 buatur
389 215 666 273 inexpiabilis.
726 215 827 260 lnde
859 216 899 259 in
932 217 1086 260 familia
1117 217 1348 268 scelerata,
1379 230 1477 276 quae
1508 216 1635 260 multa
1669 216 1830 260 nefarie
1862 217 1981 268 fecit,
2012 232 2135 265 noxae
2167 221 2362 266 videntur
2385 221 2461 266 he-

205 292 418 335 reditariae
449 305 545 334 esse
578 300 620 334 et
650 291 730 334 alia
761 291 886 335 aliam
920 293 1175 352 progignere
1208 293 1390 351 culpam.
1445 293 1552 345 Quae
1581 291 1755 350 quidem
1787 293 2045 336 continuatio
2074 296 2298 355 seriesque
2329 311 2460 341 noxa-

206 381 297 411 rum
329 367 516 426 indeque
557 369 780 412 orientium
824 370 1127 421 calamitatum,
1171 384 1302 428 quum
1340 377 1609 418 cerneretur,
1651 368 1765 425 apud
1799 368 1975 412 Graecos
2011 382 2066 412 eo
2098 371 2289 423 valebat,
2331 381 2376 416 ut
2404 373 2460 418 de

204 444 397 488 Alastore
427 443 615 502 quodam
646 445 904 503 cogitarent,
936 447 1006 503 qui
1038 445 1094 489 de
1125 445 1278 488 eadem
1309 447 1442 502 stirpe
1474 443 1667 487 homines
1696 443 1751 485 ad
1783 456 1936 487 novam
1957 457 2132 503 semper
2153 447 2322 503 culpam
2343 460 2462 492 com·

207 520 389 579 pelleret
418 528 548 579 atque
582 519 816 578 pelliceret.
876 522 914 565 Is
944 529 1086 564 autem
1116 520 1282 565 Alastor
1312 521 1486 579 proprie
1509 532 1699 577 vereque
1718 518 1816 561 nihil
1836 519 1949 562 aliud
1969 527 2052 571 est,
2082 520 2159 565 nisi
2180 534 2264 565 una
2285 523 2461 568 eadem-

207 611 292 656 que
334 609 465 654 prava
506 606 674 646 natura,
716 611 815 656 quae
857 612 934 655 per
965 606 1094 640 totam
1131 596 1315 655 aliquam
1358 595 1555 639 familiam
1595 602 1744 653 regnat
1773 608 1826 638 ac
1858 595 1981 654 viget.
2042 596 2183 640 Talem
2214 596 2461 651 Alastorem,

207 675 279 732 qui
310 674 443 717 sacris
473 674 710 719 christianis
738 673 884 717 imbuti
916 682 1030 722 sunt,
1071 674 1459 731 concupiscentiam
1490 671 1557 715 vel
1588 670 1722 721 adeo,
1765 671 1800 714 si
1833 671 1993 729 placet,
2034 672 2251 718 diabolum
2293 674 2461 720 familiae

208 758 326 795 recte
367 750 598 795 vocabunt.
658 750 884 804 Quomodo
925 757 1066 793 autem
1097 748 1186 798 fiat.
1228 757 1273 793 ut
1303 749 1417 793 bona
1450 749 1490 791 in
1522 748 1690 792 homine
1730 755 1879 792 natura
1921 750 2225 807 comprimatur
2255 758 2299 794 et
2329 764 2462 809 prava

207 829 276 874 illa
309 830 503 874 voluntas
534 828 741 888 peccandi
772 835 986 886 exsurgat.
1018 826 1051 870 si
1082 826 1257 885 quaeris:
1289 826 1501 871 stimulant
1530 834 1603 869 aut
1632 839 1701 869 res
1732 825 1926 877 internae,
1968 826 2084 871 velut
2112 827 2298 872 incestus
2326 841 2459 879 amor,

210 910 443 956 ulciscendi
474 907 652 966 cupido,
694 903 884 952 ambitio,
927 911 999 946 aut
1030 911 1240 953 externae,
1282 901 1399 946 velut
1427 916 1578 961 regna,
1609 901 1785 951 divitiae,
1826 901 2033 953 honores,
2072 911 2115 947 et
2146 910 2331 947 mentem
2363 917 2462 961 per-

210 989 381 1033 turbant
412 994 542 1043 atque
574 984 810 1027 obcaecant.
868 981 1005 1023 Homo
1035 987 1178 1022 autem
1209 980 1243 1021 si
1276 979 1398 1022 huius
1428 978 1628 1022 Alastoris
1658 978 1838 1034 impulsu
1868 992 1915 1021 se
1938 978 2036 1022 ferri
2056 980 2212 1036 patitur
2231 993 2462 1038 rerumque

211 1064 425 1111 illecebris
458 1068 607 1119 captus
638 1056 746 1101 mala
779 1056 966 1100 facinora
998 1054 1234 1105 committit,
1276 1068 1360 1099 non
1391 1054 1534 1098 insons
1572 1052 1648 1098 sed
1681 1067 1756 1098 sua
1799 1054 1927 1111 ipsius
1967 1053 2093 1113 culpa
2133 1062 2368 1114 occupatus
2397 1063 2462 1100 est

213 1151 256 1188 et
286 1143 518 1187 Furiarum,
550 1148 648 1193 quae
679 1132 975 1178 conservando
1008 1146 1149 1175 rerum
1182 1129 1317 1174 ordini
1349 1138 1555 1187 praesunt,
1587 1131 1661 1174 irae
1692 1139 1819 1189 atque
1842 1131 2104 1174 insectationi
2124 1132 2387 1189 permittitur.

331 1216 416 1261 Sed
456 1227 627 1261 vereor,
668 1225 723 1253 ne
764 1210 804 1252 in
836 1207 968 1251 rebus
1008 1207 1168 1265 apertis
1206 1206 1376 1249 nimium
1418 1205 1567 1264 longus
1605 1206 1694 1249 sim.
1755 1206 1897 1258 Quare
1933 1206 2034 1249 satis
2073 1208 2153 1251 erit
2189 1222 2461 1259 memorasse,

210 1292 467 1354 Aeschylum
500 1290 611 1333 hanc
641 1300 761 1332 suam
793 1285 849 1329 de
882 1284 1012 1328 rebus
1042 1283 1205 1332 divinis,
1238 1282 1293 1325 de
1325 1282 1540 1325 hominum
1571 1282 1707 1326 libero
1739 1281 1930 1332 arbitrio,
1962 1282 2017 1326 de
2049 1282 2249 1327 Alastoris
2276 1283 2460 1343 denique

212 1374 250 1416 vi
282 1384 333 1414 ac
363 1377 514 1412 natura
546 1364 762 1424 egregiam
794 1362 1037 1419 opinionem
1070 1359 1291 1417 tragoediae
1322 1359 1441 1416 quasi
1472 1358 1790 1401 fundamentum
1821 1359 1988 1402 secisse.

328 1446 548 1505 Sequitur,
589 1450 634 1484 ut
665 1455 717 1483 ex
750 1437 919 1482 instituti
960 1437 1042 1480 mei
1084 1436 1257 1480 consilio
1288 1434 1344 1478 de
1376 1436 1464 1492 ipsa
1497 1434 1705 1492 tragoedia
1739 1444 1781 1478 et
1811 1434 1962 1493 loquar
2002 1435 2133 1479 fusius
2174 1443 2217 1479 et
2256 1435 2461 1480 disseram

210 1526 462 1573 accuratius·
1018 1565 1022 1568 a

330 1604 461 1645 Poeta
493 1611 574 1655 per
604 1602 733 1638 totam
764 1591 1016 1650 tragoediam
1050 1604 1191 1633 rerum
1224 1589 1508 1633 conditionem
1541 1590 1594 1631 ita
1626 1590 1759 1637 tinxit,
1793 1597 1836 1631 ut
1866 1589 1988 1632 anxia
2018 1589 2217 1646 quaedam
2238 1601 2462 1647 exspecta-

212 1683 270 1726 tio
302 1674 550 1724 calamitatis
580 1669 797 1715 cuiusdam
830 1667 1131 1726 Agamemnoni
1164 1666 1414 1708 imminentis
1444 1674 1731 1721 spectatorum
1764 1665 1927 1708 animos
1957 1673 2154 1722 occupet.
2205 1666 2342 1717 Quam
2371 1667 2463 1724 qui-

213 1759 313 1802 dem
354 1750 719 1809 exspectationem
765 1745 946 1803 primurn
995 1751 1139 1785 movet
1180 1740 1423 1791 excubitor,
1474 1756 1606 1798 quem.
1644 1742 1966 1801 Clytaemnestra
2004 1755 2114 1785 anno
2156 1743 2294 1799 prius,
2335 1757 2463 1801 quam

215 1833 338 1877 Troia
380 1835 506 1885 capta
549 1831 632 1873 est,
672 1823 772 1865 inito
810 1834 905 1864 cum
946 1817 1145 1876 Aegistho
1183 1816 1410 1867 adulteri0,
1453 1832 1626 1867 verens,
1670 1831 1723 1860 ne
1762 1821 2048 1875 Agamemnon
2086 1831 2139 1860 ex
2178 1817 2408 1874 improviso
2438 1834 2463 1862 e

214 1909 330 1954 bello
363 1904 536 1953 rediret,
569 1902 609 1944 in
643 1899 770 1958 regiae
802 1896 953 1940 domus
983 1902 1097 1938 tecto
1129 1895 1423 1943 constituerat,
1457 1902 1514 1942 ut,
1548 1893 1718 1951 quando
1750 1893 1816 1937 ille
1849 1892 2089 1942 adveniret,
2131 1894 2270 1936 statim
2302 1894 2465 1938 denun-

213 1988 358 2031 ciaret.
419 1983 551 2024 Faces
582 1978 621 2020 in
652 1972 951 2034 longitudinem
984 1971 1110 2014 maris
1140 1970 1282 2028 Aegaei
1311 1969 1455 2014 multae
1487 1979 1605 2014 erant
1638 1971 1675 2013 in
1708 1969 1890 2027 speculis
1921 1982 2138 2019 accensae.
2182 1982 2361 2027 quarum
2392 1971 2463 2016 ubi

213 2063 281 2107 ille
323 2058 560 2118 proximam
602 2053 734 2102 videt,
777 2049 969 2109 quamvis
1007 2056 1261 2105 expugnatae
1298 2047 1435 2090 Troiae
1472 2047 1591 2103 signo
1632 2046 1816 2096 laetatur,
1859 2055 1998 2089 tamen
2041 2060 2123 2088 non
2165 2055 2323 2103 potest,
2364 2049 2462 2105 quin

214 2139 367 2183 domus
398 2133 530 2192 regiae
571 2129 852 2175 calamitatem
885 2124 1097 2184 quandam
1142 2125 1402 2183 praesagiens
1431 2124 1492 2166 sic
1526 2122 1656 2165 verba
1690 2122 1830 2165 saciat:
1876 2123 2071 2164 «Utinam
2113 2121 2211 2163 mihi
2253 2124 2465 2183 contingat

213 2216 302 2274 regi
335 2208 529 2256 redeunti
575 2206 796 2250 dexteram
840 2202 1081 2260 porrigere!
1129 2201 1303 2258 Reliqua
1347 2207 1488 2242 autem
1529 2200 1706 2251 reticem
1750 2212 1924 2257 magnus
1964 2200 2074 2241 enim
2118 2198 2197 2241 bos
2237 2199 2275 2240 in
2313 2199 2465 2259 lingua.

213 2294 375 2337 Domus
416 2295 558 2331 autem
600 2284 714 2341 ipsa,
755 2281 787 2324 si
831 2293 982 2322 vocem
1023 2279 1262 2335 acciperet,
1306 2277 1571 2335 apertissime
1615 2276 1906 2333 loqueretur.»
1952 2275 2049 2330 (cfr.
2094 2288 2129 2317 v.
2170 2276 2225 2316 35
2263 2290 2325 2334 sq.
2367 2278 2464 2321 edit.

213 2365 455 2418 Schuetzii).
515 2359 681 2413 Quibus
724 2356 864 2401 verbis
901 2356 1061 2399 clarum
1104 2362 1167 2398 est
1209 2368 1290 2397 non
1331 2353 1467 2398 solum
1512 2354 1718 2396 fortunam
1760 2351 1974 2402 afflictam,
2017 2365 2114 2409 quae
2151 2351 2231 2394 iam
2265 2353 2304 2395 in
2335 2353 2464 2410 domo

213 2443 331 2501 regia
364 2448 448 2489 est,
479 2437 835 2496 (Clytaemnestrae
868 2440 911 2475 et
940 2430 1125 2489 Aegisthi
1148 2429 1416 2485 adulterium)
1451 2442 1596 2472 verum
1619 2429 1743 2472 etiam
1767 2428 1875 2471 illam
1897 2426 2137 2486 significari,
2168 2441 2267 2485 quae
2289 2439 2465 2488 propter

213 2520 299 2564 hoc
331 2519 466 2575 ipsum
497 2510 751 2557 adulterium
783 2507 944 2552 reduce
975 2512 1290 2564 Agamemnone
1320 2507 1458 2549 futura
1490 2519 1585 2548 esse
1618 2505 1760 2561 possit.
1820 2505 1954 2548 Timet
1984 2503 2207 2547 excubitor
2237 2511 2280 2547 et
2310 2507 2397 2563 regi
2423 2515 2465 2551 et

213 2594 375 2653 reginae
407 2590 567 2648 totique
599 2586 730 2645 regiae
762 2584 917 2628 domui.
977 2582 1123 2631 Vides,
1154 2595 1280 2640 quam
1300 2596 1385 2625 non
1416 2582 1562 2624 inscite
1595 2585 1722 2637 poeta
1753 2580 1808 2623 ab
1842 2580 1953 2624 initio
1983 2586 2271 2637 spectatorum
2302 2583 2465 2627 animos

213 2677 330 2716 metu
362 2666 541 2725 implere
571 2662 753 2708 studeat.
813 2659 940 2704 Multo
970 2668 1113 2702 autem
1145 2659 1276 2717 magis
1306 2657 1430 2702 anxia
1462 2657 1548 2706 illa,
1580 2670 1706 2714 quam
1737 2656 1819 2699 dixi
1845 2657 2109 2714 exspectatio
2129 2656 2253 2699 animi
2275 2670 2465 2703 commo-

213 2748 327 2791 tione
359 2749 574 2791 movetur,
617 2751 746 2798 quam
778 2737 933 2781 chorus
972 2735 1175 2779 declarat.
1235 2734 1446 2778 Praeclare
1488 2734 1598 2776 enim
1632 2733 1699 2777 hic
1729 2734 1783 2775 ita
1815 2733 1979 2777 effictus
2010 2741 2096 2784 est,
2138 2741 2182 2775 ut
2219 2747 2296 2791 per
2333 2743 2463 2778 totam

215 2822 402 2868 fabulam
433 2826 548 2863 metu
580 2824 710 2875 atque
743 2826 844 2858 cura
875 2812 931 2857 de
962 2812 1287 2870 Agamemnonis
1316 2811 1482 2855 fortuna
1525 2809 1708 2852 imbutus
1737 2810 1800 2853 sit.
1860 2809 2147 2854 Calamitatem
2180 2810 2301 2868 igitur
2330 2824 2463 2869 quan-

215 2899 313 2944 dam
346 2896 585 2942 imminere,
619 2897 888 2949 spectatores
918 2890 1163 2932 coniectura
1193 2887 1391 2946 augurari
1423 2892 1631 2944 poterant.
1690 2885 1775 2929 Sed
1809 2885 1971 2945 reliqua
2001 2886 2229 2931 ordiamur.

333 2972 657 3031 Clytaemnestra
687 2965 809 3011 simul
841 2978 891 3008 ac
923 2964 978 3007 de
1012 2964 1079 3014 iis,
1112 2977 1209 3021 quae
1241 2963 1341 3007 vidit
1371 2962 1612 3009 excubitor.
1645 2962 1801 3005 certior
1832 2963 1942 3006 sacta
1973 2970 2058 3014 est,
2094 2962 2328 3007 simulacris
2358 2964 2464 3008 deo-

214 3064 308 3095 rum
340 3055 438 3093 ante
469 3045 628 3102 regiam
660 3042 835 3087 domum
867 3040 1100 3085 constitutis
1130 3052 1251 3084 sacra
1283 3038 1401 3089 facit,
1446 3051 1529 3083 non
1560 3050 1645 3096 quo
1677 3038 1852 3097 gratiam
1884 3039 2042 3084 referat
2071 3038 2150 3082 diis
2179 3052 2257 3096 pro
2291 3039 2463 3085 victoria

212 3121 519 3187 Agamemnoni
548 3121 669 3171 data,
701 3144 756 3152 —
789 3117 873 3163 hoc
904 3117 1004 3162 facit
1032 3117 1198 3175 specie,
1237 3129 1320 3161 non
1352 3127 1507 3174 reapse
1538 3139 1596 3146 —
1626 3116 1704 3159 sed
1745 3114 1958 3174 supplicet
1994 3116 2059 3168 iis,
2099 3122 2163 3167 ut,
2204 3128 2331 3174 quam
2374 3131 2464 3162 mo-

213 3206 357 3254 liatur,
389 3199 498 3248 caedi
529 3195 738 3243 saciendae
768 3194 986 3239 adiutores
1017 3194 1108 3237 sint.
1168 3193 1294 3237 Cuius
1326 3193 1386 3237 rei
1418 3193 1571 3237 nuncio
1601 3191 1764 3244 audito,
1794 3206 1921 3238 senes
1948 3193 2103 3252 Argivi,
2134 3190 2288 3251 quibus
2308 3193 2463 3240 chorus
