2774 3741
1336 105 1388 147 ‹12

236 246 320 302 que
352 252 720 301 permoverentur.
782 243 852 286 Est
882 243 976 286 haec
1009 244 1149 287 divina
1181 259 1251 288 ars
1282 250 1435 303 poe'tae.
1480 243 1590 296 Quid
1623 242 1738 300 quod
1773 243 1898 285 etiam
1931 243 2142 286 scelerum
2164 244 2493 287 architectorum

234 320 386 378 agendi
418 321 624 363 rationem
657 333 897 377 eorumque
930 321 1049 363 necis
1081 323 1372 366 instrumenta,
1405 321 1603 363 balneum
1636 319 1734 362 dico
1766 318 2116 376 mortiferumque
2148 320 2246 362 illud
2281 319 2496 362 velamen·

233 393 343 446 tum,
373 396 429 438 ita
462 396 585 440 nobis
617 409 696 453 per
726 404 868 440 vatem
902 398 1106 446 ostendit.
1147 406 1192 441 ut
1223 398 1317 442 haec
1348 398 1484 442 omnia
1518 398 1638 454 quasi
1670 397 1844 440 remotis
1875 394 2141 440 versatilibus
2182 410 2325 440 scenae
2357 395 2496 452 parie-

235 471 347 517 tibus
387 486 533 517 coram
575 473 831 531 conspicere
867 473 996 520 ¹nobis
1029 474 1280 518 videamur?
1328 474 1435 527 Quid
1472 473 1624 530 plura?
1670 477 1746 516 Ars
1786 474 1943 531 tragica
1989 472 2214 529 postulavit
2255 485 2495 529 personam,

234 562 334 606 quae
364 548 444 592 sub
476 549 626 593 oculos
654 558 946 607 spectatorum
981 550 1046 593 illa
1080 550 1330 600 subiiceret.
1371 564 1468 608 quae
1502 551 1576 607 ipsi
1610 560 1691 593 non
1723 558 1979 606 spectarent.
2043 547 2203 592 Deinde
2245 562 2348 591 vero
2391 548 2495 591 infra

233 624 482 681 apparebit,
515 626 885 686 Clytaemnestram
919 637 962 671 et
993 627 1234 684 Aegisthum
1268 642 1357 671 rem
1389 626 1601 684 quandam
1635 638 1830 674 narrare,
1863 638 1989 682 quam
2023 634 2067 668 ut
2097 624 2340 671 credamus,
2374 639 2497 681 pror·

234 716 306 745 sus
338 716 421 745 non
454 701 727 750 adducimur,
769 697 864 747 eam
897 702 1014 750 dico.
1054 707 1412 759 Agamemnonem
1453 703 1581 759 patris
1619 702 1743 744 etiam
1776 700 1915 757 culpae
1948 714 2120 757 poenam
2164 700 2368 757 pendere.
2430 701 2493 743 Et-

236 777 347 820 enim
391 778 473 820 vati
516 777 613 821 huic
653 779 804 822 insonti
844 777 971 821 fldem
1016 778 1244 824 hahemus.
1287 779 1363 821 illis
1405 793 1506 821 vero
1549 777 1847 834 peccatoribus
1887 791 1970 820 non
2013 776 2234 820 habemus.
2307 769 2496 832 Denique

236 857 365 910 poeta
399 863 540 898 vatem
573 855 789 912 captivam·
818 869 864 898 re
905 868 1005 898 vera
1040 855 1364 912 Agamemnonis
1405 853 1598 912 pellicem
1638 868 1850 910 apparere
1895 851 2040 900 voluit.
2085 862 2128 896 ut
2159 852 2496 912 Clytaemnestrae

239 929 423 973 animum
456 930 632 975 stimulis
663 930 819 974 amoris
848 930 1094 974 concitaret.
1155 930 1240 975 Sed
1275 930 1356 976 hac
1388 930 1443 975 de
1476 945 1521 974 re
1552 939 1722 987 postea;
1755 941 1865 974 nunc
1896 928 1952 973 de
1983 929 2147 987 reliquo
2179 936 2442 986 argumento.

360 1005 585 1064 Postquam
619 1005 854 1050 Cassandra
887 1004 1005 1055 abiit.
1050 1005 1207 1050 chorus
1249 1006 1482 1051 insatiabile
1521 1006 1620 1051 dicit
1659 1005 1873 1050 hominum
1916 1005 2123 1050 felicitatis
2165 1018 2260 1049 esse
2299 1003 2496 1048 studium.

242 1080 371 1125 Etiam
404 1085 764 1141 Agamemnonem
796 1095 870 1126 sua
903 1089 1018 1125 sorte
1051 1097 1134 1125 non
1167 1091 1410 1127 contentum
1444 1083 1593 1131 fuisse,
1625 1082 1699 1126 sed
1733 1081 1948 1139 pristinam
1983 1081 2190 1125 fortunam
2225 1080 2374 1124 bellica
2407 1080 2497 1138 glo-

242 1157 301 1201 ria
341 1157 592 1202 cumulasse.
653 1157 727 1201 Cui
767 1157 980 1202 fortunato
1018 1157 1050 1200 si
1084 1172 1252 1207 eorum,
1294 1159 1365 1216 qui
1401 1159 1438 1202 in
1471 1159 1561 1203 eius
1603 1157 1731 1202 domo
1772 1156 1872 1202 caesi
1911 1157 2008 1203 sint.
2050 1157 2220 1216 sanguis
2262 1155 2498 1215 expiandus

240 1234 310 1282 sit,
342 1235 551 1278 neminem
584 1233 821 1278 mortalium
854 1234 934 1277 iam
959 1233 1251 1292 gloriaturum.
1285 1248 1381 1278 sese
1419 1251 1435 1274 «
1451 1231 1586 1279 ἀσινεῖ
1600 1235 1765 1290 δαίμονι
1780 1251 1797 1274 »
1833 1242 1975 1276 natum
1996 1247 2105 1278 esse.
2138 1247 2172 1275 v.
2198 1232 2497 1276 1323-1335.

357 1309 506 1353 Subito
548 1310 775 1354 audiuntur
814 1311 1138 1368 Agamemnonis
1180 1314 1288 1353 intus
1328 1311 1565 1355 moribundi
1610 1312 1829 1355 clamores
1891 1309 2053 1353 Chorus
2095 1310 2274 1354 liceatne
2317 1324 2367 1353 ex
2411 1309 2498 1359 inis,

239 1400 348 1444 quos
378 1385 609 1435 audiverit,
651 1385 877 1430 eiulatibus
918 1387 1093 1443 periisse
1127 1380 1270 1444 regem
1311 1387 1524 1431 coniicere
1563 1386 1801 1444 ambigens.
1845 1385 2149 1444 explorandum
2190 1387 2349 1435 statuit.
2391 1399 2497 1443 quo-

240 1461 369 1506 modo
400 1466 689 1520 Agamemnon
721 1476 768 1506 se
801 1461 971 1506 habeat.
1001 1477 1039 1506 v.
1079 1462 1373 1505 1338—13613.
1437 1462 1530 1515 Qua
1565 1477 1610 1506 re
1644 1462 1801 1506 consilii
1835 1463 2014 1520 inopiam
2047 1462 2147 1505 satis
2179 1462 2453 1505 demonstrat.

358 1538 548 1582 Machina
582 1538 767 1595 quadam
801 1539 1004 1587 versatili,
1036 1539 1149 1595 quod
1181 1536 1420 1593 ἑκκύκλημα
1455 1549 1647 1587 vocatur,
1680 1540 1900 1581 interiores
1922 1538 2040 1582 aedes
2061 1538 2353 1581 ostenduntur.
2399 1537 2497 1597 Cly-

240 1623 482 1659 taemnestra
516 1615 627 1659 iuxta
660 1615 806 1659 funera
839 1625 954 1659 stans
987 1625 1030 1658 ut
1061 1625 1184 1658 antea
1217 1616 1366 1658 marito
1398 1613 1525 1658 fidem
1560 1629 1607 1659 se
1640 1630 1717 1672 per
1749 1629 1874 1658 omne
1907 1623 2075 1672 tempus
2104 1629 2300 1659 servasse
2327 1613 2497 1657 simula-

243 1693 317 1740 vit,
349 1692 409 1734 sic
442 1701 539 1748 post
571 1690 736 1735 caedem
771 1699 882 1734 tanta
916 1700 981 1734 est
1012 1692 1232 1734 ferocitate
1265 1701 1393 1749 atque
1427 1691 1703 1748 protervitate
1727 1691 1912 1749 insignis.
1947 1699 1989 1733 ut
2010 1705 2092 1733 non
2121 1691 2324 1734 mediocri
2349 1698 2496 1733 natura

242 1767 483 1816 mulierem,
515 1766 592 1810 sed
626 1767 745 1824 quasi
776 1767 940 1810 Furiam
973 1767 1226 1824 conspicere
1261 1767 1333 1809 tibi
1365 1766 1565 1812 videaris.
1609 1777 1651 1810 et
1685 1766 1795 1809 haud
1828 1767 1916 1810 scio
1948 1781 1999 1808 an
2034 1781 2246 1824 nunquam
2286 1766 2494 1824 ingenium

242 1844 457 1900 poeticum
490 1843 545 1884 ad
580 1843 705 1885 talem
739 1843 1018 1899 improbitatis
1048 1845 1236 1898 speciem
1271 1844 1590 1898 exprimendam
1625 1843 1874 1890 evolaverit,
1908 1843 2077 1899 qualem
2111 1844 2147 1885 in
2169 1843 2248 1885 hac
2272 1842 2496 1884 furibunda

241 1929 284 1962 et
315 1920 448 1961 atroci
489 1918 666 1961 muliere
708 1918 917 1975 pingenda
960 1918 1131 1961 effinxit.
1197 1921 1298 1960 Dum
1345 1921 1382 1960 in
1416 1921 1602 1961 facinore
1643 1928 1808 1974 patrato
1849 1919 2066 1974 gloriatur.
2107 1918 2336 1974 sophistica
2378 1920 2497 1974 quasi

239 2005 330 2038 arte
363 2004 549 2037 mentem
581 2007 700 2037 suam
734 1993 966 2037 obcoecare
1000 1995 1257 2050 rationisque
1292 1994 1486 2037 iudicium
1519 2008 1799 2049 corrumpere
1823 1993 1977 2037 studet.
2019 1994 2119 2036 Tum
2143 1981 2335 2042 demum,
2366 2009 2495 2050 quum

239 2070 397 2115 chorus
429 2067 572 2127 populi
605 2069 643 2113 ei
676 2069 1012 2113 exsecrationem
1047 2078 1089 2112 et
1120 2069 1309 2114 exsilium
1343 2078 1384 2113 et
1415 2068 1547 2113 diram
1589 2068 1788 2113 ultionem
1833 2069 2027 2118 minatur.
2067 2069 2251 2112 animum
2297 2067 2495 2127 paulatim

240 2147 474 2205 compescit
517 2145 772 2204 caedemque
813 2154 856 2190 et
895 2160 1102 2191 excusare
1147 2157 1189 2190 et
1231 2147 1377 2189 iustam
1419 2146 1655 2203 praedicare
1694 2147 1837 2204 coepit.
1908 2146 1992 2191 Sed
2037 2146 2133 2190 nihil
2177 2147 2317 2199 timet;
2359 2146 2496 2189 nititur

241 2226 351 2270 enim
385 2225 444 2269 rei
477 2223 626 2268 iustitia
651 2232 694 2267 et
716 2222 898 2282 Aegisthi
932 2222 1146 2280 (hocloco
1171 2224 1350 2282 primum
1375 2224 1710 2279 commemorati)
1731 2222 1926 2268 benevoli
1946 2222 2023 2267 sibi
2044 2223 2210 2269 auxilio.
2243 2238 2278 2268 v.
2304 2222 2415 2267 1362
2434 2238 2497 2282 sq.

243 2302 485 2348 Videamus.
528 2313 635 2357 quas
668 2300 929 2356 potissimum
961 2300 1142 2357 geminae
1185 2300 1317 2343 caedis
1357 2313 1507 2342 causas
1553 2308 1728 2355 premat.
1794 2299 2098 2349 «Crateram‚»
2146 2301 2295 2358 inquit,
2333 2313 2495 2358 <nquam

241 2377 378 2420 multis
410 2376 531 2419 malis
562 2375 763 2432 replevit,
795 2390 991 2419 reversus
1023 2375 1264 2419 exhausit.»
1302 2390 1338 2418 v.
1379 2374 1673 2418 1388—1390.
1704 2399 1761 2406 —

356 2456 405 2496 At
437 2464 632 2511 quaenam
664 2460 761 2494 sunt
791 2451 858 2494 illa
890 2452 996 2494 mala
1031 2475 1085 2483 —
1117 2446 1225 2494 κακὰ
1255 2447 1382 2505 doccia
1413 2450 1460 2494 ἐν
1491 2448 1636 2506 δόμοις
1667 2451 1754 2493 —‘?
1805 2451 1979 2495 Dolores
2009 2452 2214 2510 significat
2245 2467 2296 2495 ex
2332 2451 2497 2510 lphige-

239 2531 320 2573 niae
353 2528 636 2572 immolatione
668 2528 747 2572 sibi
782 2537 962 2584 paratas.
1022 2529 1124 2570 Nam
1162 2527 1344 2576 «filiam,
1365 2548 1381 2566 »
1418 2529 1489 2575 ait,
1533 2528 1821 2570 «carissimam
1854 2528 1950 2571 mihi
1983 2528 2165 2585 prolem,
2206 2538 2250 2571 ut
2282 2528 2497 2571 Threicios

238 2606 430 2664 placaret
460 2612 628 2652 ventos,
660 2603 934 2647 immolavit»
971 2618 1006 2646 v.
1044 2603 1152 2646 1409
1184 2619 1246 2661 sq.
1309 2604 1501 2661 Cumque
1544 2603 1699 2646 chorus
1744 2613 1929 2646 mentem
1970 2605 2079 2652 eius.
2123 2606 2242 2662 quasi
2285 2603 2496 2662 sanguinis

238 2682 390 2725 haustu
430 2679 698 2729 inebriatam,
741 2678 1028 2737 nequidquam
1062 2679 1204 2722 furere
1237 2689 1279 2723 et
1312 2680 1446 2722 mariti
1489 2678 1654 2722 caedem
1702 2679 1823 2722 caede
1863 2679 2061 2723 luendam
2105 2694 2201 2723 esse
2243 2679 2375 2728 dicat,
2418 2694 2496 2736 per

238 2758 451 2803 iustitiam,
494 2755 590 2799 filiae
621 2768 712 2800 suae
746 2753 973 2803 vindicem.
1017 2755 1140 2803 iurat,
1182 2770 1228 2799 se
1261 2755 1358 2799 nihil
1398 2756 1569 2803 timere,
1612 2754 1750 2798 donec
1784 2755 2004 2813 Aegisthus
2037 2756 2074 2798 in
2109 2756 2205 2799 foco
2246 2768 2324 2798 suo
2356 2756 2495 2813 ignem

238 2833 459 2878 accendat.
493 2847 527 2876 v.
562 2831 884 2876 1424-4430,
944 2831 1035 2875 Non
1068 2832 1197 2876 multo
1230 2840 1324 2889 post
1355 2846 1484 2889 quum
1519 2830 1676 2875 chorus
1716 2831 1993 2876 miserabilius
2032 2833 2142 2891 regis
2181 2842 2361 2875 mortem
2394 2844 2496 2875 con·

237 2919 456 2970 queratur:
494 2909 620 2952 «Non
653 2908 878 2967 indignam
914 2909 1061 2966 inquit,
1098 2923 1247 2950 «mors
1278 2908 1375 2952 huic
1408 2908 1592 2966 contigit.
1654 2908 1761 2960 Quid
1802 2908 1945 2951 enim?
1991 2923 2130 2952 nonne
2173 2910 2265 2966 ipse
2295 2902 2405 2964 ἄτην
2435 2909 2497 2950 in-

236 2987 434 3032 sidiosam
468 2988 505 3028 in
540 2986 670 3029 hasce
703 2985 823 3028 aedes
856 2984 1112 3026 introduxit?
1143 2986 1289 3028 Nonne
1322 2984 1448 3027 filiam
1482 2997 1643 3033 meam,
1677 2998 1727 3026 ex
1760 2998 1813 3027 eo
1845 2994 2109 3044 susceptam,
2143 2986 2310 3044 indigne
2341 2994 2497 3028 tracta-

236 3065 323 3106 vit?
356 3064 462 3120 Ergo
495 3063 608 3104 ferro
641 3047 818 3105 necatus
851 3073 1023 3119 poenam
1057 3061 1129 3102 dat
1161 3063 1375 3111 facinoris,
1409 3061 1525 3120 quod
1561 3062 1676 3118 prior
1707 3062 1798 3119 ipse
1823 3065 2097 3120 perpetravit.
2131 3076 2166 3103 v.
2195 3062 2497 3105 tau—⁴523.

235 3142 528 3197 Interrogante
560 3139 713 3187 choro,
746 3138 841 3195 quis
869 3136 1125 3194 sepeliturus
1157 3139 1207 3181 sit
1239 3151 1404 3196 regem:
1454 3138 1637 3186 «Nom»
1675 3139 1821 3195 inquit,
1865 3138 2022 3181 «huius
2053 3141 2113 3182 rei
2146 3150 2291 3182 curam
2322 3151 2497 3196 gerere;

232 3229 329 3259 nam
372 3228 451 3272 per
490 3227 557 3256 me
600 3213 772 3261 cecidit,
815 3224 894 3270 per
936 3227 1005 3256 me
1048 3214 1171 3256 etiam
1212 3213 1491 3272 sepelietur.»
1558 3212 1722 3255 Acerba
1766 3215 1890 3256 etiam
1934 3214 2064 3257 ironia
2108 3214 2496 3273 dissimulantiaque
