2774 3741
1348 99 1402 140 li)

243 253 339 284 esse
370 239 625 289 fortunatas;
667 246 711 281 at
741 239 914 295 impium
947 239 1165 296 quoddam
1199 240 1359 284 facinus
1390 239 1510 296 plura
1543 239 1750 296 deinceps
1788 252 1943 295 parere
1985 240 2094 284 mala
2137 243 2322 286 facinora
2365 241 2502 298 primo

242 314 400 358 similia.
432 338 488 345 -

359 391 463 433 Haec
505 391 713 433 sententia
758 399 855 434 cum
898 390 1031 434 altera
1065 392 1151 441 illa,
1193 404 1319 450 quam
1352 390 1456 438 dixi,
1497 390 1637 433 scelus
1667 390 1800 433 semel
1834 399 2044 448 patratum
2087 407 2170 436 non
2211 393 2382 436 inultum
2416 406 2503 434 ma·

243 479 347 508 nere
390 478 531 523 neque
575 465 660 509 ullo
691 466 861 523 piaculo
902 480 1029 524 posse
1072 467 1252 523 placari,
1294 480 1423 524 quum
1467 467 1599 523 prima
1634 467 1819 509 omnium
1861 468 1981 524 quasi
2028 468 2223 512 familiam
2263 478 2502 514 ceterarum

241 541 375 591 ducit,
408 547 494 583 tum
528 554 633 584 vero
661 542 872 591 declarat,
904 554 1032 599 quam
1066 556 1148 587 non
1180 542 1378 599 ambigue
1410 546 1536 599 poeta
1570 550 1716 585 contra
1749 543 1982 600 vulgarium
2004 544 2248 599 opinionem
2270 545 2400 593 dicat.
2433 546 2503 600 qui

241 615 441 661 felicitate
484 617 731 662 necessario
773 618 984 663 miseriam
1025 619 1115 674 pari
1148 626 1191 663 et
1220 618 1328 663 deos
1369 617 1587 662 fortunatis
1628 616 1867 662 hominibus
1908 617 2097 663 invidere
2141 623 2378 677 opinentur.
2443 623 2503 665 De

241 691 442 752 Aeschyli
474 694 685 738 sententia
717 692 897 739 deorum
941 694 1092 738 invidia
1127 707 1301 751 prorsus
1332 692 1442 738 nulla
1475 700 1550 737 est.
1611 692 1690 745 Qui
1723 693 1755 737 si
1787 692 1984 738 dicuntur
2025 694 2234 747 invidere,
2278 710 2361 741 non
2402 697 2505 740 invi·

242 767 365 819 dent,
397 767 475 812 sed
509 782 592 814 non
624 770 854 828 patiuntur,
887 782 1145 827 quemquam
1179 769 1285 813 ultra
1318 768 1489 813 modum
1523 768 1750 812 humanum
1783 767 1942 827 egredi.
1975 793 2029 801 -—

364 846 448 888 lam
481 849 771 904 Agamemnon
804 845 1105 895 Cassandram,
1148 846 1298 889 Priami
1332 846 1442 904 regis
1482 844 1604 888 filiam
1644 857 1790 889 secum
1833 840 1997 890 ducens
2036 847 2244 904 captivam
2278 849 2316 893 in
2349 848 2501 895 orche—

244 929 375 967 stram
409 921 657 979 provehitur
689 930 731 967 et
761 934 787 965 a
819 920 951 967 choro
985 921 1091 967 iusto
1124 921 1254 967 modo
1285 921 1501 967 salutatur.
1562 922 1663 966 Tum
1703 935 1805 966 vero
1836 921 2098 982 coryphaeus
2128 938 2174 968 se
2209 925 2296 984 regi
2327 925 2500 986 gloriam

246 1011 389 1055 neque
421 998 611 1042 invidere
643 1012 785 1054 neque
826 1012 921 1041 eam
963 997 1139 1042 laudare
1181 1013 1320 1055 neque
1364 1013 1511 1042 eorum
1556 997 1740 1054 probare
1782 997 2132 1043 consuetudinem
2176 1001 2304 1051 velle,
2345 1003 2415 1061 qui
2447 1018 2500 1045 ne

247 1082 361 1118 tacto
392 1074 563 1130 quidem
596 1075 734 1116 animo
767 1088 861 1117 cum
894 1072 1132 1117 infelicibus
1163 1090 1338 1131 gemere
1372 1084 1412 1117 et
1445 1089 1540 1118 cum
1575 1074 1679 1117 laetis
1709 1074 1829 1116 simul
1861 1074 1993 1117 laetari
2025 1075 2211 1125 soleant,
2245 1078 2379 1122 libere
2402 1095 2501 1136 pro--

247 1149 398 1193 litetur.
459 1149 515 1192 Ex
551 1148 704 1207 quibus
736 1147 878 1193 verbis
910 1148 1068 1196 elucet.
1102 1164 1199 1192 eum
1233 1150 1285 1193 ita
1319 1150 1460 1193 animo
1494 1164 1589 1193 esse
1621 1149 1840 1199 affectum,
1884 1159 1927 1192 ut
1959 1153 2285 1208 Agamemnonis
2326 1155 2501 1211 expedi—

244 1227 400 1269 tionem
433 1238 543 1268 nunc
576 1225 749 1281 quidem
783 1238 864 1269 nec
897 1225 1083 1281 probare
1116 1240 1195 1269 nec
1231 1227 1473 1282 vituperare
1504 1225 1626 1275 velit,
1668 1226 2005 1284 Clytaemnestrae
2045 1242 2150 1271 vero
2182 1227 2320 1272 fictam
2354 1230 2501 1273 huma-

244 1303 414 1344 nitatem
449 1301 547 1357 quin
580 1300 731 1343 leniter
764 1301 1033 1358 perstringat.
1072 1311 1219 1344 tenere
1251 1317 1297 1344 se
1332 1318 1412 1344 non
1447 1303 1589 1357 possit.
1621 1317 1656 1344 v.
1689 1301 1932 1344 778-800.
1964 1326 2017 1333 -

362 1383 650 1434 Agamemnon
692 1376 849 1418 deinde
881 1379 1065 1419 omnium
1100 1378 1277 1432 primum
1312 1378 1373 1419 sas
1405 1392 1499 1419 esse
1531 1377 1653 1423 dicit,
1695 1381 1827 1434 Argos
1867 1377 2061 1435 deosque
2103 1382 2262 1436 patrios
2302 1382 2497 1431 salutare,

242 1453 398 1512 quibus
440 1451 680 1497 volentibus
718 1461 761 1496 et
802 1451 1096 1496 auxiliantibus
1128 1461 1169 1496 et
1201 1466 1372 1509 poenam
1414 1452 1469 1496 de
1502 1453 1651 1496 Priami
1695 1452 1802 1496 urbe
1844 1453 2034 1511 exegerit
2065 1462 2107 1497 et
2142 1456 2284 1500 salvus
2327 1458 2498 1501 domum

242 1529 430 1574 redierit.
492 1529 656 1572 Gratias
689 1529 811 1586 igitur
842 1529 926 1587 agit
957 1529 1034 1573 diis
1066 1530 1223 1586 pioque
1255 1543 1330 1573 eos
1361 1529 1501 1573 animo
1532 1529 1642 1573 colit.
1675 1544 1710 1573 v.
1741 1531 1986 1573 805—850.

363 1607 528 1650 luterea
569 1605 893 1666 Clytaemnestra
938 1606 974 1648 in
1016 1619 1188 1649 scenam
1231 1620 1455 1664 progressa
1497 1614 1589 1649 atro
1627 1619 1730 1650 sane
1772 1606 1911 1650 animo
1954 1606 2095 1651 verbis
2145 1623 2273 1666 supra
2326 1610 2497 1654 modum

243 1683 409 1726 blandis
450 1695 659 1725 summum
701 1681 836 1724 mariti
875 1680 1063 1725 absentis
1105 1682 1362 1725 desiderium
1404 1696 1698 1740 summamque
1737 1690 1916 1739 propter
1956 1684 2045 1726 eius
2088 1685 2268 1728 reditum
2314 1686 2497 1730 laetitiam

241 1760 419 1804 simulat.
482 1759 699 1807 Orestem,
732 1757 963 1816 coniugalis
994 1756 1091 1801 fidei
1126 1759 1298 1816 pignus,
1329 1772 1375 1802 se
1409 1759 1608 1816 Strophio
1642 1758 1845 1802 Phocensi
1879 1759 1916 1801 in
1951 1760 2122 1803 tutelam
2144 1762 2367 1807 tradidisse
2390 1764 2499 1815 dicit,

243 1844 308 1884 ut,
339 1837 372 1877 si
407 1842 528 1891 pater
560 1835 598 1876 iu
634 1833 746 1876 bello
779 1833 997 1878 occideret.
1031 1843 1072 1875 et
1105 1835 1256 1876 civium
1292 1834 1444 1878 exinde
1477 1836 1760 1877 concitaretur
1787 1835 1958 1882 seditio.
2001 1835 2107 1880 fitius
2138 1852 2190 1880 ne
2224 1838 2262 1880 in
2296 1839 2391 1882 vitae
2424 1855 2500 1897 pe·

242 1911 374 1956 riculo
406 1917 662 1954 versaretur.
723 1909 951 1968 Postquam
983 1910 1154 1953 tandem
1190 1909 1330 1953 fictum
1365 1924 1464 1968 erga
1499 1924 1643 1966 regem
1676 1925 1864 1953 amorem
1897 1912 2204 1971 caritatemque
2239 1913 2292 1956 ad
2326 1915 2496 1957 taedium

241 2001 377 2046 usque
416 1985 644 2030 cumulavit
675 1998 948 2044 summasque
980 1986 1019 2027 in
1051 1985 1163 2027 illum
1208 1985 1356 2029 laudes
1389 1993 1432 2028 et
1464 1985 1686 2028 blanditias
1729 1986 1927 2036 coniecit,
1970 2001 2117 2030 servas
2155 1987 2272 2031 iubet
2311 1989 2499 2034 vestibus

240 2063 435 2122 stragulis
466 2063 574 2104 viam
617 2069 810 2104 sternere
844 2070 886 2105 et
918 2062 1110 2104 maritum
1153 2071 1297 2119 rogat,
1340 2070 1384 2104 ut
1415 2062 1552 2104 calcet
1584 2075 1657 2105 eas
1690 2062 1870 2119 pedibus
1902 2071 1945 2105 et
1976 2065 2014 2105 in
2047 2065 2186 2121 regias
2227 2065 2360 2109 aedes
2400 2081 2496 2110 sese

241 2141 446 2185 conserat.
507 2142 794 2196 Agamemnon
834 2150 937 2181 vero
977 2146 1115 2181 tantos
1155 2138 1361 2185 honores,
1405 2138 1626 2182 mortalem
1660 2153 1740 2181 non
1774 2138 1998 2189 decentes,
2040 2139 2119 2183 diis
2150 2140 2294 2184 tribuit
2325 2150 2367 2185 et
2397 2141 2498 2186 sub-

241 2218 368 2260 misso
400 2215 539 2257 animo
571 2223 714 2271 rogat,
757 2228 808 2256 ne
841 2214 940 2272 quid
976 2214 1241 2261 admittatur,
1284 2228 1370 2271 quo
1403 2215 1582 2257 deorum
1616 2215 1915 2272 hominumque
1949 2216 2098 2258 invidia
2141 2218 2312 2260 excitari
2355 2220 2499 2274 possit.

239 2294 328 2335 Nec
360 2301 500 2332 tamen
533 2290 721 2349 urgentis
754 2289 894 2332 uxoris
926 2289 1126 2346 precibus
1159 2304 1332 2347 prorsus
1364 2292 1563 2332 resistere
1598 2300 1748 2347 potest.
1811 2292 1955 2349 ltaque
1999 2293 2217 2342 concedit,
2261 2302 2303 2334 ut
2342 2294 2497 2337 calceis

238 2383 263 2412 a
297 2367 479 2426 pedibus
509 2367 655 2409 solutis
688 2367 725 2407 in
761 2380 948 2423 purpure
981 2367 1149 2408 incedet
1184 2367 1572 2426 Clytaemnestram,
1605 2368 1722 2409 cuius
1754 2381 1868 2409 curae
1901 2369 2180 2412 Cassandram
2214 2371 2497 2421 commendat,

238 2446 509 2490 comitantem
542 2444 581 2485 in
615 2443 815 2499 palatium
849 2444 1132 2500 consequitur.
1166 2458 1201 2485 v.
1235 2444 1481 2486 850—968.
1512 2468 1568 2473 -

359 2523 515 2563 Domus
548 2520 661 2576 regia
696 2521 734 2560 in
766 2519 930 2577 fastigio
963 2519 1168 2561 felicitatis
1201 2528 1276 2561 est.
1340 2519 1473 2561 Nihilo
1518 2521 1651 2561 minus
1693 2520 1847 2562 chorus
1878 2522 2024 2562 anxius
2056 2530 2120 2563 est
2153 2531 2279 2564 metu.
2341 2524 2424 2563 lam
2458 2525 2495 2564 ei

233 2601 275 2642 'm
309 2606 493 2640 mentem
527 2597 638 2638 venit
670 2594 909 2638 Calchantis
940 2595 1157 2637 oraculum
1190 2609 1318 2651 supra
1352 2604 1744 2638 commemoratum.
1799 2601 2156 2653 Agamemnonem
2190 2599 2290 2641 dicit
2321 2600 2495 2642 rediisse

236 2675 410 2732 quidem
454 2672 724 2719 incolumem,
776 2672 853 2713 sed
895 2673 1057 2712 sanitati
1100 2673 1279 2713 vicinum
1323 2686 1418 2713 esse
1470 2672 1665 2713 morbum
1699 2681 1740 2713 et
1780 2686 1899 2729 saepe
1941 2674 2119 2715 hominis
2157 2675 2398 2716 felicitatem
2441 2675 2494 2716 ad

235 2751 427 2793 occultos
459 2749 616 2789 allisam
650 2747 852 2805 scopulos
883 2748 1028 2803 frangi.
1089 2748 1129 2788 Si
1162 2749 1330 2804 sanguis
1364 2748 1571 2789 humanus
1603 2748 1734 2789 semel
1769 2750 1965 2805 profusus
1996 2751 2068 2798 sit,
2101 2751 2294 2792 revocari
2320 2763 2416 2792 eum
2440 2751 2493 2792 ad

234 2828 359 2869 vitam
393 2826 506 2867 nullo
540 2827 667 2867 modo
702 2837 842 2881 posse.
874 2837 911 2865 ν.
943 2823 1218 2865 970—t026.

352 2901 676 2960 Clytaemnestra
709 2915 732 2942 e
766 2898 922 2956 palatio
956 2900 993 2940 in
1026 2913 1199 2941 scenam
1233 2900 1340 2942 redit
1374 2910 1415 2942 et
1449 2900 1727 2942 Cassandram
1762 2900 1878 2943 iubet
1910 2901 1965 2943 de
1998 2915 2123 2944 curru
2158 2902 2427 2944 descendere
2454 2912 2496 2945 et

232 2978 272 3021 in
305 2978 425 3020 aedes
454 2977 637 3019 introire.
698 2978 749 3018 At
782 2975 875 3017 haec
909 2976 1030 3017 tacita
1065 2976 1101 3016 in
1136 2989 1261 3017 curru
1295 2986 1500 3020 remanet.
1561 2976 1703 3027 Quare
1736 2976 2057 3034 Clytaemnestra
2100 2979 2281 3021 insanire
2325 2991 2419 3020 eam
2454 2987 2496 3021 et

231 3054 344 3096 malo
376 3052 652 3109 superboque
684 3053 826 3094 animo
858 3051 1155 3094 inservientem
1189 3066 1270 3093 non
1304 3052 1421 3107 prius
1452 3051 1505 3095 ad
1540 3052 1657 3094 frena
1689 3052 1863 3096 serenda
1897 3053 2095 3097 adactum
2130 3054 2199 3102 iri,
2238 3067 2364 3109 quam
2397 3068 2493 3096 san-

229 3131 354 3186 guine
389 3128 589 3170 ferociam
625 3127 849 3183 perluerit,
883 3142 962 3181 per
994 3126 1217 3169 ludibrium
1253 3127 1390 3171 locuta
1425 3128 1463 3169 in
1497 3127 1693 3183 palatium
1729 3129 1979 3185 regreditur.
2013 3145 2048 3172 ν.
2084 3128 2386 3171 4026—1060.
