2774 3741
1425 94 1451 134 5

314 238 506 296 nitasque
538 244 699 278 naturae
731 233 877 278 violari
908 243 1075 291 posset,
1106 234 1147 277 in
1179 235 1425 278 Graecorum
1456 235 1596 278 scenis
1625 249 1707 277 non
1739 232 1987 292 agebantur.
2045 236 2106 277 An
2138 234 2394 294 Aeschylum
2426 244 2562 292 putas,

314 328 442 373 quem
474 320 640 355 constat
668 312 848 368 primum
880 318 925 352 nt
956 325 1057 354 vere
1089 310 1389 368 philosophum
1420 310 1585 353 tabulas
1615 311 1670 353 ad
1702 320 1863 353 certam
1896 311 2108 367 quandam
2139 311 2371 367 disciplinae
2403 314 2561 355 sormu-

313 391 396 433 lam
428 387 720 444 composuisse
750 396 794 429 et
826 387 864 428 in
896 386 1100 429 faciendis
1130 385 1346 445 tragoediis
1387 386 1496 428 nulla
1534 387 1613 429 alia
1645 401 1694 429 re
1726 387 1802 428 nisi
1841 385 2063 430 honestate
2105 386 2279 429 ductum
2320 402 2435 436 esse,
2474 403 2561 446 quo

313 472 406 509 erat
446 463 612 521 ingenio
649 471 778 521 atque
817 470 1006 520 gustatu,
1047 462 1143 504 talia
1184 462 1399 505 foedidatis
1439 472 1623 505 monstra
1665 462 1899 520 depingere
1940 472 1983 504 et
2022 464 2061 504 in
2102 477 2275 506 scenam
2319 463 2561 520 producere

313 538 531 597 potuisse?
560 540 640 580 Aut
670 538 818 580 mutari
850 539 1035 595 oportuit
1066 547 1284 595 receptam
1316 538 1371 580 ab
1404 539 1588 581 Homero
1619 538 1824 586 fabulam,
1862 546 1934 579 aut
1964 540 2132 581 omnino
2164 553 2248 581 non
2278 538 2474 582 adhiberi
2505 541 2560 582 ad

313 614 550 658 faciendam
590 614 858 672 tragoediam.
917 615 1034 657 Nova
1074 614 1271 671 quaedam
1304 624 1347 664 et
1377 614 1627 657 invenienda
1659 623 1703 657 et
1732 612 1931 657 addenda
1971 621 2110 663 erant,
2151 614 2305 671 quibus
2346 615 2562 658 horrenda

312 690 380 734 illa
412 690 557 734 caedes
587 689 759 746 probari
793 689 1018 733 videretur.
1079 690 1186 742 Quae
1217 689 1356 747 qualia
1388 689 1559 739 fuerint,
1591 690 1739 746 paucis
1769 689 2000 733 videamus.
2046 689 2178 745 Apud.
2200 690 2424 735 Pindarum
2456 691 2562 750 legi·

313 781 425 815 mus,
457 765 823 825 Clytaemnestram
858 764 1050 808 manibus
1080 764 1174 808 filiae
1204 779 1315 814 suae,
1347 779 1371 807 a
1405 775 1526 821 patre
1557 766 1650 822 ipso
1675 765 1924 814 immolatae,
1955 765 2157 822 sanguine
2178 766 2309 808 mariti
2332 777 2559 824 parentare

313 843 508 885 voluisse.
539 842 613 883 cfr.
644 842 766 899 Pyth.
797 843 863 883 Xl.
923 843 1013 884 Hoc
1044 856 1216 884 carmen
1249 841 1422 899 Olymp.
1453 842 1527 890 75,
1558 842 1584 883 3
1617 842 1831 884 conditum
1864 850 1939 884 est.
1981 841 2216 899 Aeschylus
2233 842 2415 885 fabulam
2437 858 2556 886 suam

314 917 487 977 Olymp.
517 918 591 966 80,
622 917 649 959 Ξ
681 916 810 960 dedit.
873 917 964 960 Veri
995 917 1126 960 simile
1158 917 1280 974 igitur
1311 925 1395 964 est,
1426 917 1541 973 quod
1574 918 1732 973 primus
1763 917 1830 960 ille
1863 917 2185 974 excogitaverit,
2228 918 2267 960 id
2301 919 2555 978 Aeschylum

313 993 552 1050 recepisse,
585 994 820 1050 praesertim
852 1008 980 1051 quum
1013 993 1166 1036 eodem
1199 993 1386 1036 carmine
1417 991 1511 1034 aliae
1542 1008 1714 1050 quoque
1754 992 1976 1035 sententiae
2017 994 2331 1041 contineantur,
2372 1009 2471 1052 quae
2502 995 2556 1038 ab

312 1070 435 1112 huius
475 1068 682 1125 tragoedia
725 1083 808 1111 non
848 1079 943 1111 sunt
982 1069 1144 1111 alienae.
1206 1069 1369 1111 Deinde
1409 1082 1530 1117 vero,
1571 1083 1647 1111 cur
1686 1068 1899 1127 lphigenia
1942 1068 2195 1111 immolanda
2239 1079 2368 1117 esset,
2410 1071 2556 1113 iustam

313 1145 499 1203 oportuit
529 1157 700 1189 causam
734 1145 919 1188 inveniri.
979 1145 1114 1197 Quam
1147 1144 1204 1187 ob
1236 1159 1325 1188 rem
1359 1149 1485 1202 poeta
1520 1146 1691 1187 Dianam
1724 1145 1976 1198 irascentem
2010 1156 2052 1187 et
2074 1144 2389 1202 expeditionem
2412 1156 2558 1190 contra

312 1222 478 1264 Troiam
509 1229 750 1277 susceptam
784 1229 1066 1263 remorantem
1105 1221 1203 1263 facit
1234 1234 1314 1264 nec
1347 1222 1462 1277 prius
1492 1222 1594 1263 iram
1626 1221 1865 1270 sedantem,
1909 1234 2035 1277 quam
2073 1221 2158 1264 dux
2190 1223 2404 1265 exercitus
2439 1236 2557 1266 suam

313 1298 442 1354 ipsius
471 1296 596 1339 filiam
629 1297 870 1340 immolavit.
932 1297 1015 1339 Cur
1044 1307 1184 1340 autem
1217 1297 1297 1340 dea
1323 1297 1546 1347 irascatur,
1580 1297 1847 1354 postmodum
1869 1297 2106 1353 apparebit.
2154 1299 2346 1355 Denique
2367 1299 2560 1359 Aeschy—

311 1375 376 1417 lus
414 1387 533 1417 suam
566 1374 621 1417 de
653 1374 783 1416 rebus
820 1373 968 1416 divinis
1007 1384 1049 1416 et
1090 1373 1302 1416 hominum
1345 1375 1517 1431 propria
1567 1382 1713 1415 natura
1753 1373 1965 1432 egregiam
2010 1373 2248 1430 opinionem
2291 1375 2344 1417 ita
2386 1376 2561 1419 intexuit

311 1451 487 1497 sabulae,
530 1458 574 1492 ut
605 1464 657 1493 ea
689 1452 808 1507 quasi
839 1451 1112 1493 fundamento
1144 1452 1267 1493 totius
1298 1451 1520 1507 tragoediae
1550 1463 1619 1492 ars
1651 1452 1816 1492 nitatur.
1877 1451 1984 1501 Quae
2026 1451 2195 1506 quidem
2238 1453 2382 1507 opinio
2424 1454 2559 1509 qualis

313 1527 457 1575 fuerit,
490 1526 636 1583 paucis
668 1525 966 1581 exponendum
1000 1535 1074 1568 est.

431 1602 732 1659 Antiquissimis
774 1601 1036 1658 temporibus
1077 1601 1249 1644 dubium
1290 1617 1372 1645 non
1414 1611 1495 1651 est,
1537 1602 1637 1659 quin
1670 1601 1863 1644 homines
1894 1615 1944 1644 ea
1977 1601 2130 1644 fuerint
2160 1602 2355 1659 opinione
2399 1603 2557 1654 imbuti,

314 1687 358 1720 ut
387 1677 564 1720 naturali
595 1676 779 1735 quadam
812 1685 854 1719 et
886 1675 1128 1718 immutabili
1162 1677 1431 1725 necessitate,
1474 1691 1572 1734 quae
1603 1676 1694 1734 ipsa
1727 1685 1769 1718 et
1799 1690 1917 1718 caeca
1950 1685 2063 1719 esset
2094 1685 2136 1718 et
2166 1676 2253 1719 dira
2286 1679 2556 1738 maximeque

312 1755 352 1798 in
385 1755 514 1810 ipsius
545 1763 706 1797 naturae
739 1753 895 1796 viribus
926 1753 1119 1796 obscuris
1147 1761 1413 1802 cerneretur,
1452 1761 1494 1795 et
1525 1755 1663 1796 omnia
1695 1753 1828 1795 teneri
1861 1761 1904 1795 et
1934 1753 2187 1810 singulorum
2219 1753 2433 1797 hominum
2465 1770 2555 1798 sor—

313 1839 397 1875 tem
431 1830 520 1889 regi
551 1830 836 1888 opinarentur.
896 1829 1132 1889 Aeschylus
1163 1837 1304 1873 autem
1338 1837 1382 1873 et
1410 1842 1505 1873 cum
1539 1844 1591 1873 eo
1623 1829 1814 1873 homines
1854 1828 2045 1873 eiusdem
2088 1830 2219 1874 aetatis
2258 1830 2474 1876 doctiores
2505 1846 2556 1877 ac

311 1908 592 1965 sapientiores
623 1922 705 1950 non
738 1907 817 1949 iam
851 1916 933 1949 tam
966 1907 1076 1964 capti
1119 1916 1259 1949 mente
1304 1914 1442 1956 erant,
1490 1915 1533 1949 ut
1562 1906 1701 1949 omnia
1739 1905 1831 1948 dira
1868 1905 2053 1964 quadam
2095 1915 2251 1951 naturae
2294 1909 2481 1965 potentia
2513 1920 2557 1953 et

312 1997 431 2029 caeco
463 1997 563 2027 casu
595 1983 767 2027 evenire
798 1982 875 2026 sibi
907 1982 1227 2040 persuaderent..
1287 1983 1334 2025 Hi
1367 1983 1495 2025 fatum
1528 1982 1646 2033 illud,
1678 1996 1804 2040 quam
1838 1983 1975 2026 Graeci
2005 1986 2155 2038 μοῖραν
2183 1982 2408 2035 vocabant,
2441 2000 2555 2028 sum—

312 2074 424 2102 mum
456 2059 671 2116 quoddam
705 2073 845 2101 rerum
876 2060 1124 2115 principium
1158 2067 1201 2102 et
1231 2059 1423 2102 ordinem
1455 2059 1638 2101 divinum
1672 2059 1959 2116 intelligebant
1991 2067 2033 2102 et
2063 2059 2151 2103 aliis
2182 2061 2444 2115 persuadere
2465 2069 2552 2104 stu-

310 2135 489 2184 debant,
521 2136 558 2177 in
592 2134 804 2177 hominum
838 2135 950 2177 omni
984 2136 1078 2177 vitae
1110 2134 1370 2182 conditione,
1412 2134 1610 2183 consiliis,
1652 2143 1768 2177 sorte
1800 2136 1914 2178 cerni
1956 2135 2127 2192 quidem
2157 2138 2342 2191 supremi
2376 2138 2555 2181 numinis

313 2212 393 2254 vim
425 2225 476 2255 ac
509 2211 738 2269 potentiam
771 2225 910 2269 neque
942 2210 1172 2269 quidquam
1206 2224 1379 2268 prorsus
1411 2209 1579 2253 nolente
1612 2209 1694 2253 hoc
1726 2211 1819 2268 ipso
1852 2211 2020 2254 numine
2054 2210 2140 2254 fieri
2171 2220 2212 2254 et
2242 2212 2327 2270 agi,
2358 2212 2435 2256 sed
2463 2222 2554 2256 tan-

311 2297 397 2330 tum
429 2288 606 2338 abesse,
648 2295 691 2328 ut
721 2287 914 2329 homines
945 2287 984 2328 in
1015 2287 1183 2345 agendo
1215 2288 1439 2329 temeraria
1480 2286 1663 2344 quadam
1707 2289 1961 2329 necessitate
2003 2297 2072 2329 aut
2114 2287 2441 2345 impedirentur,
2482 2299 2554 2330 aut

309 2365 387 2422 ipsi
421 2364 613 2408 nolentes
643 2363 695 2405 ad
729 2363 939 2420 agendum
973 2371 1246 2420 cogerentur,
1279 2371 1322 2404 ut
1353 2365 1491 2404 omnia
1523 2376 1600 2404 suo
1633 2364 1812 2419 quisque
1845 2364 2018 2405 consilio
2050 2372 2092 2405 et
2123 2364 2333 2405 voluntate
2365 2367 2554 2421 suscipe-

309 2448 403 2484 rent
433 2446 561 2498 atque
593 2447 942 2497 exsequerentur.
1003 2439 1072 2481 Est
1103 2440 1224 2496 igitur
1255 2452 1307 2482 ex
1339 2438 1535 2498 Aeschyli
1568 2440 1774 2481 sententia
1807 2438 1984 2482 hominis
2014 2439 2189 2482 liberum
2230 2439 2469 2491 arbitrium,
2512 2449 2555 2483 at

309 2516 349 2560 id
385 2515 557 2575 quidem
589 2529 672 2559 non
713 2514 976 2565 absolutum,
1019 2523 1062 2557 ut
1093 2515 1261 2558 omnino
1304 2514 1369 2557 ille
1401 2515 1463 2557 sui
1497 2514 1594 2558 iuris
1624 2515 1692 2565 sit,
1734 2514 1810 2558 sed
1844 2514 1987 2557 datum
2019 2528 2070 2558 ac
2110 2515 2380 2572 permissum,
2424 2517 2476 2558 ita
2511 2525 2555 2560 ut

308 2592 479 2643 finibus,
520 2593 626 2635 intra
667 2605 775 2649 quos
817 2590 1028 2649 agendum
1061 2600 1144 2640 est,
1196 2599 1459 2635 coerceatur.
1531 2592 1648 2644 Quos
1688 2605 1818 2649 quum
1858 2593 1976 2634 nimis
2016 2590 2169 2633 viribus
2207 2591 2292 2633 suis
2334 2591 2554 2636 confidens

308 2668 477 2713 excedit
507 2667 720 2726 violatque
752 2667 936 2711 insolens
967 2676 1095 2725 atque
1126 2666 1338 2724 superbus
1368 2676 1440 2709 aut
1472 2682 1613 2711 rerum
1646 2667 1837 2711 ordinem
1870 2667 2052 2709 divinum
2083 2675 2154 2708 aut
2186 2667 2315 2710 iustas
2338 2667 2552 2711 bominum

306 2747 425 2805 leges
454 2752 583 2804 atque
614 2744 816 2792 instituta,
850 2759 932 2787 non
966 2744 1113 2800 procul
1144 2743 1267 2787 abest
1297 2745 1474 2786 numinis
1505 2744 1630 2787 divini
1664 2744 1931 2787 inexorabilis
1963 2745 2126 2792 iustitia,
2158 2757 2256 2800 quae
2282 2746 2399 2800 punit
2423 2754 2554 2803 atque

307 2822 527 2879 supprimit
558 2821 717 2869 omnia,
749 2834 846 2878 quae
880 2820 1049 2861 modum
1084 2821 1375 2877 praescriptum
1415 2820 1705 2877 egrediuntur.
1749 2835 1828 2862 nec
1870 2820 1991 2861 ullam
2031 2819 2186 2861 ordinis
2215 2819 2341 2861 divini
2372 2831 2445 2863 aut
2478 2822 2554 2864 hu-

309 2901 417 2941 mani
450 2897 812 2954 perturbationem
846 2897 1014 2938 inultam
1047 2905 1174 2953 atque
1207 2897 1447 2952 impunitam
1480 2910 1576 2938 esse
1609 2898 1694 2953 pati
1727 2905 1878 2953 potest.
1941 2897 2045 2952 Ergo
2083 2896 2153 2952 qui
2185 2896 2283 2938 facit
2315 2906 2359 2938 et
2389 2908 2555 2954 peccat,

309 2976 342 3018 is
373 2986 525 3030 poenas
554 2973 641 3014 luat
672 2985 849 3015 necesse
883 2980 965 3021 est,
999 2980 1042 3014 ut
1072 2985 1150 3028 par
1181 2973 1271 3027 pari
1304 2972 1522 3014 reseratur.
1584 2973 1693 3024 Quin
1726 2973 1808 3014 imo
1840 2970 1929 3020 filii,
1961 2979 2156 3027 nepotes,
2190 2982 2455 3029 pronepotes
2479 2974 2556 3017 de—

306 3053 402 3094 licta
435 3050 639 3092 maiorum
671 3064 749 3092 suo
780 3049 946 3091 interitu
978 3047 1115 3097 luunt,
1148 3048 1222 3090 nisi
1253 3048 1361 3090 sorte
1392 3047 1461 3091 dei
1494 3048 1668 3091 alicuius
1699 3049 1829 3105 gratia
1861 3061 1911 3090 ac
1942 3047 2087 3090 favore
2112 3047 2239 3104 culpa
2261 3049 2436 3093 tandem
2457 3050 2544 3094 libe

305 3135 462 3172 rantur.
522 3125 624 3167 Nam
657 3124 738 3168 illae
772 3138 913 3175 noxae,
944 3138 1042 3182 quae
1073 3125 1106 3167 si
1139 3123 1277 3166 inultae
1309 3133 1548 3174 manerent,
1580 3139 1720 3168 rerum
1753 3122 1942 3167 ordinem
1976 3131 2017 3166 et
2047 3124 2159 3181 aequi
2186 3132 2391 3169 aeternam
2415 3126 2554 3184 legem

306 3217 480 3261 prorsus
518 3202 791 3245 subversurae
834 3208 992 3251 essent,
1035 3209 1192 3244 tantum
1224 3199 1366 3251 abest,
1408 3209 1453 3243 ut
1484 3200 1567 3244 ullo
1599 3202 1758 3258 possint
1798 3199 1964 3256 piaculo
2007 3199 2130 3250 solvi,
2172 3210 2216 3243 ut
2249 3202 2296 3245 iis
2326 3202 2451 3260 culpa
2484 3204 2556 3245 tri-
