2774 3741
1353 135 1406 180 44

249 286 475 340 Postquam
509 282 632 338 igitur
663 279 986 339 Clytaemnestra
1021 278 1268 337 explicavit,
1310 293 1386 322 cur
1417 278 1610 322 mai-itum
1643 278 1823 323 necandi
1855 277 1934 322 sibi
1966 279 2030 323 ius
2061 287 2401 339 potestatemque
2431 281 2508 325 da-

247 368 331 404 tam
363 371 459 402 esse
492 356 721 414 putaverit,
755 353 914 399 chorus
946 357 1067 414 inops
1097 354 1256 399 consilii
1289 351 1517 410 (ἀμηχανῶ
1549 354 1778 410 φροντίδος
1806 355 2054 411 στερηθείς)
2088 359 2163 399 etsi
2193 366 2319 416 negat
2350 358 2508 401 lacinus

247 450 327 493 per
358 433 468 478 illam
502 434 591 476 inre
625 439 917 488 perpetratam
950 445 1066 480 esse,
1098 439 1240 475 tamen
1271 431 1425 474 sensim
1457 429 1536 473 sibi
1570 430 1821 487 persuadet,
1860 434 2219 489 Agamemnonem
2252 448 2328 477 sua
2359 443 2401 479 et
2433 446 2505 492 pa-

246 512 320 555 tris
351 509 474 567 culpa
508 507 717 553 occidisse
752 506 973 566 habetque
1006 508 1044 550 in
1078 507 1254 564 optatis,
1287 514 1331 549 ut
1360 505 1524 549 Alastor
1554 505 1644 555 ille,
1678 505 1975 563 Pelopidarum
2007 508 2124 565 stirpi
2155 509 2435 568 agglutinatus
2456 523 2508 553 ex

246 586 413 632 aedibus
445 585 570 643 regiis
603 583 855 642 expellatur.
918 584 1047 626 Etiam
1082 582 1405 642 Clytaemnestra
1437 581 1645 639 quidlibet
1676 581 1763 623 vult
1794 582 2006 639 perferre,
2047 583 2175 627 modo
2212 585 2290 628 sibi
2323 587 2510 645 contige-

248 665 316 713 rit,
350 671 394 705 ut
424 660 606 704 insanias
639 669 880 702 mutuarum
912 658 1094 702 caedium
1127 672 1179 701 ex
1212 657 1379 701 aedibus
1403 658 1541 700 eiiciat
1562 656 1823 714 efficiatque,
1857 665 1900 699 ut
1918 665 2039 700 vetus
2057 659 2329 719 acerbusque
2349 662 2511 704 Alasiot-

246 741 286 783 in
319 740 441 782 aliam
476 737 673 781 familiam
707 742 905 779 transeat.
952 735 1021 777 Sic
1053 734 1288 776 animorum
1322 741 1460 776 motus
1492 732 1689 790 paulatim
1724 747 1871 776 eorum
1905 734 2189 791 tranquillitati
2222 737 2390 780 cedunt.
2423 762 2478 768 —

365 813 452 858 Sed
485 827 568 856 non
599 811 911 870 acquiescimus
942 810 981 850 in
1014 808 1353 867 Clytaemnestrae
1384 808 1760 866 argumentatione.
1820 809 1921 851 Haec
1952 823 2038 866 quo
2078 810 2167 853 iure
2200 825 2279 867 pro
2311 812 2509 872 Thyestae

249 891 358 941 filiis,
400 890 456 934 ab
490 894 617 932 Atreo
658 886 867 946 iugulatis,
910 885 1102 927 maritum
1146 885 1301 928 necat?
1351 885 1500 928 Verum
1533 883 1705 942 quidem
1738 892 1821 932 est,
1864 888 2035 941 poetam
2071 886 2136 928 vel
2170 888 2392 930 maximam
2427 888 2507 929 vim

249 971 361 1014 Atrei
392 965 550 1024 flagitio
582 963 790 1007 tribuisse.
852 962 951 1005 Tam
984 974 1102 1017 seepe
1136 962 1246 1004 enim
1280 970 1323 1005 et
1354 975 1379 1004 a
1402 960 1635 1004 Cassandra
1669 969 1711 1004 ct
1738 973 1761 1003 a
1786 960 1920 1004 choro
1943 961 2123 1019 ipsaque
2144 975 2167 1005 a
2187 963 2508 1023 Clytaemnestra

251 1052 611 1091 commemoratur
641 1050 813 1097 tamque
846 1036 1012 1095 vulgata
1046 1043 1138 1079 erat
1169 1035 1236 1079 illa
1271 1037 1381 1079 Ati-ci
1415 1036 1601 1083 foeditas,
1634 1044 1677 1078 ut
1708 1035 1882 1079 dubium
1917 1051 1998 1081 non
2031 1039 2100 1085 sit.
2143 1040 2244 1097 quin
2274 1040 2510 1101 Aeschylus

249 1123 483 1169 scelerum.
515 1132 611 1177 quae
644 1115 850 1170 deinceps
879 1120 1135 1170 sequuntur,
1178 1113 1331 1156 seriem
1366 1112 1419 1155 ad
1454 1113 1562 1155 illam
1597 1113 1856 1171 potissimum
1887 1111 2141 1170 πρώταρχον
2171 1110 2279 1171 ἄτην
2311 1116 2510 1160 retulerit.

250 1200 372 1244 Adde
403 1196 518 1255 quod
552 1198 693 1251 poe'tae
726 1198 871 1233 nostro
905 1190 1083 1231 numinis
1123 1189 1250 1230 divini
1294 1190 1445 1231 iustitia
1486 1191 1746 1232 sanctissima
1779 1198 1840 1239 et,
1882 1198 1925 1231 ut
1957 1191 2011 1232 ita
2044 1190 2204 1241 dicam,
2244 1193 2511 1236 severissima

253 1285 333 1323 est,
367 1286 462 1332 quae
495 1270 620 1312 talem
654 1280 806 1310 noxam
839 1266 1084 1321 impunitam
1126 1277 1301 1307 manere
1340 1279 1516 1320 prorsus
1549 1267 1633 1321 pati
1667 1280 1747 1307 non
1783 1268 1933 1321 possit,
1977 1267 2059 1308 imo
2093 1280 2170 1323 par
2202 1277 2246 1309 ut
2277 1270 2367 1323 pari
2400 1270 2510 1311 rese—

252 1361 366 1395 ratur
407 1345 678 1392 inexorabilis
717 1341 971 1399 expostulet.
1031 1339 1166 1382 Nihilo
1211 1341 1347 1383 minus
1386 1351 1530 1385 nostro
1574 1343 1663 1384 iurc
1703 1342 1951 1399 quaerimus,
1995 1357 2070 1386 cur
2109 1343 2433 1402 Clytaemnestra
2464 1359 2510 1389 se

250 1428 348 1470 illud
382 1425 494 1468 Atrei
525 1421 725 1479 flagitium
757 1418 987 1461 ulciscendi
1021 1426 1164 1472 pai-tes
1196 1417 1439 1473 veterisque
1470 1418 1672 1460 Alastoris
1703 1432 1928 1473 personam
1960 1419 2210 1475 susceperit.
2254 1420 2377 1462 Brevi
2401 1434 2510 1476 prae-

249 1505 402 1548 eidam.
441 1502 532 1542 Non
554 1498 912 1556 Clytaemnestrae,
942 1492 1020 1535 sed
1052 1492 1236 1548 Aegisthi
1266 1490 1518 1546 τριπάχυιος
1547 1490 1742 1547 ἀλάστωρ
1774 1494 1923 1548 (malus
1953 1494 2116 1551 genius)
2148 1494 2204 1536 de
2235 1498 2363 1538 Atreo
2386 1497 2510 1538 sumit

251 1580 500 1624 vindictam,
531 1571 735 1630 Aegisthi,
777 1571 967 1627 inquam.
1009 1568 1291 1623 corruptoris,
1334 1570 1404 1624 qui
1438 1568 1827 1628 Clytaemnestfflm.
1870 1570 1949 1611 iam
1982 1569 2062 1612 alio
2097 1570 2271 1613 vulnere
2302 1580 2511 1628 aegmtan-

252 1667 359 1707 tem,
402 1650 669 1696 exhortando
701 1649 757 1688 ita
789 1644 1031 1692 stimulavit,
1076 1653 1118 1685 nt
1151 1644 1244 1686 haec
1277 1645 1398 1700 quasi
1431 1659 1549 1688 czeca
1583 1660 1715 1701 pravo
1755 1645 1858 1688 illins
1895 1646 2019 1702 genio
2060 1646 2292 1690 inserviens
2332 1647 2510 1693 alienam

256 1745 430 1778 causam
462 1742 508 1772 se
540 1739 661 1769 suam
692 1724 845 1767 fecisse
877 1722 1039 1763 mentiri
1072 1735 1154 1762 non
1187 1719 1364 1763 dubitet.
1395 1745 1447 1752 ——

371 1805 595 1865 Aegisthus
625 1801 800 1845 simulac
832 1800 869 1841 in
902 1812 1074 1841 scenam
1108 1797 1282 1853 prodiit,
1322 1798 1488 1841 scelera
1521 1798 1655 1841 choro
1688 1807 1873 1847 enarrat,
1913 1813 2010 1856 quae
2042 1800 2193 1841 Atreus
2226 1798 2323 1841 olim
2356 1815 2512 1858 perpe-

255 1886 439 1931 traverit.
501 1883 596 1932 Quo
630 1880 765 1920 facto:
811 1877 979 1917 «Hasce
1013 1876 1184 1931 igitui·‚»
1233 1875 1386 1931 inquit,
1433 1873 1526 1916 «ob
1559 1889 1710 1917 causas
1740 1875 1850 1916 illum
1885 1875 2290 1932 (Agamemnonem)
2320 1877 2382 1919 Sic
2413 1893 2511 1933 Pro-

253 1973 428 2007 stratum
462 1957 610 2000 videre
642 1954 752 1996 licet.
813 1952 898 2007 Ego
932 1965 1033 1993 vero
1066 1951 1197 1992 iustus
1229 1950 1359 1992 caedis
1390 1949 1566 1993 huiusce
1599 1959 1746 1994 auctor
1776 1966 1914 1993 sum.»
1974 1951 2058 1993 Sed
2093 1966 2288 2007 quaeuam
2321 1960 2416 1996 sum
2446 1953 2513 1998 5113

253 2039 437 2083 scelera,
471 2046 569 2090 quae
601 2045 649 2073 se
683 2028 811 2071 ultum
845 2035 888 2069 et
919 2035 1192 2083 persecutum
1215 2024 1344 2068 dicit?
1379 2026 1613 2073 «Atreus,»
1650 2026 1796 2082 inquit,
1831 2025 1988 2069 «huius
2010 2034 2135 2069 terrae
2157 2041 2251 2077 rex,
2284 2027 2512 2087 Thyesten,

254 2127 395 2158 meum
428 2118 615 2169 patrem,
658 2105 713 2148 de
748 2102 925 2159 imperio
965 2115 1060 2144 cum
1095 2115 1148 2143 eo
1181 2109 1414 2144 certantem
1448 2115 1498 2142 cx
1533 2101 1640 2142 urbe
1680 2102 1813 2143 eiecit.
1873 2102 1962 2144 Nec
1994 2111 2134 2144 tamen
2167 2102 2207 2143 id
2238 2103 2338 2145 satis
2380 2104 2511 2146 visum

254 2200 319 2234 est.
350 2187 522 2230 iniuriae.
584 2185 724 2233 Quum
758 2181 867 2221 enim
900 2179 966 2220 hic
998 2178 1131 2220 redux
1164 2178 1217 2219 ad
1252 2192 1368 2219 aram
1401 2177 1679 2220 domesticam
1719 2177 1896 2220 salutem
1937 2186 2087 2232 petens
2127 2178 2402 2235 confugisset,
2444 2180 2512 2224 ille

254 2265 469 2312 simulans,
503 2274 550 2304 se
583 2259 697 2300 diem
732 2257 881 2298 festum
914 2253 1050 2311 epulis
1083 2252 1269 2295 hilariter
1301 2252 1616 2296 celebratur-nin
1650 2267 1765 2302 esse,
1804 2254 1971 2295 vocavit
2007 2253 2243 2310 supplicem
2277 2255 2402 2312 eique
2435 2255 2513 2299 (10-

255 2356 404 2386 norum
436 2335 707 2393 hospitalium
740 2333 856 2378 loco,
888 2330 1002 2373 diras
1033 2331 1185 2385 dapes,
1226 2329 1404 2371 tiliorum
1436 2329 1716 2386 iugulatorum
1750 2343 1918 2379 carnes,
1960 2329 2250 2374 comedendas
2282 2333 2514 2388 proposuit,

257 2423 351 2472 Qua
384 2431 430 2459 re
462 2419 684 2469 comperta
729 2418 850 2464 patei·
891 2415 1018 2450 totam
1060 2405 1226 2461 Pelopis
1267 2405 1513 2461 progeniem
1559 2414 1803 2447 exsecratus
1844 2414 1920 2447 est.
1979 2405 2099 2448 Adde
2141 2405 2254 2463 quod
2300 2406 2392 2464 ipse
2433 2407 2512 2458 1150,

257 2508 386 2555 quem
419 2490 537 2533 vides
570 2493 846 2545 prostratum,
889 2497 956 2524 me
998 2482 1165 2524 tertium
1209 2480 1356 2528 lilium,
1399 2480 1471 2536 qui
1511 2493 1762 2536 supet-eram
1805 2481 1958 2523 misero
2000 2482 2125 2536 patri,
2167 2483 2205 2523 in
2249 2483 2388 2526 fasciis
2427 2492 2513 2526 tum

254 2570 500 2617 cubantem,
533 2563 701 2608 aedibus
732 2560 927 2617 urbeque
960 2559 1134 2615 expulit.
1194 2558 1346 2600 Verum
1378 2556 1568 2599 adultum
1601 2557 1765 2599 reduxit
1805 2557 1966 2601 iustitia.
2027 2559 2113 2615 Ego
2156 2559 2380 2615 perniciosi
2412 2574 2514 2604 con-

254 2648 330 2693 silii
365 2645 568 2689 rationem
601 2640 788 2683 inveni.»
826 2650 862 2679 v,
896 2636 1195 2678 Ι’1570--1601,

374 2722 444 2765 Sic
484 2719 605 2776 igitur
637 2712 861 2773 Aegisthus
899 2711 953 2755 de
996 2710 1079 2754 filio
1121 2711 1251 2767 patris
1292 2709 1404 2752 haud
1450 2708 1650 2752 naturalis
1681 2718 1722 2751 et
1754 2709 1937 2752 crudelis
1980 2710 2204 2753 vindictam
2236 2727 2283 2755 se
2314 2714 2513 2757 sumsisse

256 2797 484 2845 contendit.
546 2794 676 2835 Recte
710 2802 808 2833 eum
840 2788 999 2845 egisse,
1031 2786 1187 2829 chorus
1219 2799 1272 2828 ne
1306 2785 1439 2828 verbo
1471 2785 1644 2841 'quidem
1686 2785 1829 2842 tangit,
1872 2786 1955 2828 imo
1988 2786 2231 2842 parricidae,
2265 2789 2331 2831 cui
2363 2788 2510 2831 timidi-

257 2886 385 2918 tatem
418 2879 461 2915 et
494 2868 700 2927 ignaviam
734 2866 908 2920 insuper
939 2860 1191 2920 exprobrat,
1226 2874 1397 2918 poenam
1429 2860 1696 2917 lapidationis
1728 2861 2016 2904 comminatur.
2079 2863 2170 2913 Qua
2208 2877 2254 2905 re
2287 2864 2415 2907 iratus
2447 2865 2514 2909 ine

256 2952 433 2996 chorum
465 2962 512 2990 se
545 2943 706 2987 catenis
751 2941 952 2995 fameque
994 2937 1248 2981 domiturum
1295 2938 1433 2980 iactat.
1496 2937 1579 2979 lam
1612 2935 1666 2978 ad
1701 2937 1779 2980 vim
1820 2945 2019 2995 spectare
2063 2951 2132 2981 res
2174 2938 2350 2983 videtur,
2413 2941 2515 2984 Tum

257 3041 361 3071 vero
393 3024 716 3084 Clytaemnestra
761 3026 804 3060 et
833 3013 1076 3072 Aegisthum
1110 3022 1152 3056 et
1182 3013 1358 3057 chorum
1399 3013 1622 3060 admonet,
1665 3013 1861 3069 quoniam
1904 3014 2126 3056 satisiam
2169 3014 2219 3056 sit
2259 3015 2516 3068 calamitatis,

257 3104 372 3147 utin
416 3107 633 3156 posterum
666 3108 689 3137 a
725 3095 761 3135 vi
806 3101 849 3134 et
892 3090 1014 3134 caede
1055 3089 1304 3132 abstineant.
1366 3089 1461 3140 Quo
1504 3090 1615 3129 sacto
1659 3088 1814 3131 chorus
1853 3102 2052 3145 sperans,
2095 3091 2209 3138 sore,
2251 3099 2294 3132 ut
2327 3092 2516 3139 Orestes,

257 3174 583 3237 Agamemnonis
613 3171 738 3217 filius.
771 3165 1001 3224 aliquando
1034 3164 1202 3208 redcat.
1235 3164 1602 3223 [113taemiicst1111n
1635 3163 1849 3219 gallinam,
1880 3164 2125 3221 Aegisthum
2158 3165 2344 3208 timidum
2361 3167 2516 3225 gallum

257 3252 502 3312 appellans,
535 3248 572 3289 in
607 3246 757 3289 urbem
790 3240 983 3286 discedit.
1014 3265 1070 3271 —
