2774 3741
1352 102 1378 144 9

238 257 380 303 neque
411 243 554 287 Furias
584 255 678 290 eos.
721 242 790 300 qui
831 249 975 299 spreta
1016 241 1165 284 iustitia
1208 242 1405 285 fortunati
1446 242 1546 290 sint,
1589 256 1672 285 non
1711 243 1982 299 praecipitare
2022 244 2058 283 in
2101 243 2283 286 exitium.
2345 245 2489 295 Quare

238 321 447 365 fortunam
478 331 526 363 se
558 319 783 377 prael'erre,
816 318 882 362 cui
916 331 998 361 non
1031 317 1278 362 invideatur.
1311 332 1347 361 v.
1377 317 1623 361 tot—470.
1654 342 1708 350 -

357 398 430 440 11ae
461 395 579 440 chori
610 396 852 444 sententiae,
885 408 1063 453 quarum
1095 395 1251 439 similes
1281 394 1398 452 apud
1428 391 1654 438 Pindarum
1688 395 1710 437 l.
1733 408 1770 438 c.
1800 396 2054 446 invenimus,
2087 411 2172 438 non
2191 395 2355 445 dubito,
2387 397 2486 454 quin

240 488 292 518 eo
325 472 498 518 consilio
531 473 708 531 prolatae
740 464 836 522 sint,
879 472 1029 529 partim
1063 480 1106 514 ut
1136 480 1404 529 spectatores
1433 485 1457 514 a
1491 471 1686 519 violando
1719 473 1809 516 iure
1839 472 1980 516 divino
2021 481 2150 530 atque
2194 472 2379 516 humano
2411 472 2487 516 de-

239 558 444 597 terreant,
479 550 628 606 partim
662 562 738 591 eos
769 549 1088 606 exspectatione
1121 557 1290 592 erectos
1321 556 1523 607 metuque
1554 562 1788 605 suspensos
1825 556 2007 592 teneant.
2067 550 2203 600 Paris,
2243 550 2359 607 quod
2392 563 2489 592 san-

239 636 352 669 ctum
384 636 467 672 est,
501 624 775 668 conculcavit.
839 625 937 668 Eum
971 624 1126 668 divitiae
1158 633 1286 682 atque
1319 637 1426 681 opes
1457 639 1539 668 non
1572 623 1859 668 defenderunt
1886 623 1942 667 ab
1973 626 2151 670 interitu.
2200 632 2489 686 Agamemnon

239 716 316 759 pro
349 716 428 744 una
462 700 619 743 Helena
653 709 695 743 et
726 701 764 742 in
798 701 972 758 gratiam
1015 702 1135 743 unius
1165 699 1343 744 Menelai
1386 701 1611 743 multorum
1653 700 1839 757 proludit
1877 702 2124 759 sanguinem
2166 702 2294 759 idque
2334 703 2487 745 civium

241 779 384 822 iniuria
427 778 537 820 fecit.
604 778 879 833 Spectatores
920 776 1041 835 igitur
1083 785 1295 835 quaerent:
1349 776 1500 819 «Hanc
1539 775 1707 834 culpam
1747 777 1929 819 nimiane
1970 761 2079 820 sorte
2119 777 2315 822 felicitate
2357 787 2487 836 atque

238 855 452 913 opulentia
484 852 668 896 conlisus
699 853 738 894 in
771 867 817 896 se
851 853 1109 897 contraxit?⁸
1149 854 1195 894 Et
1225 854 1257 895 si
1292 866 1360 895 res
1391 852 1444 894 ita
1476 866 1523 895 se
1557 851 1707 900 habet,
1740 852 1970 896 felicitasne
2001 860 2129 910 atque
2152 854 2364 910 opulentia
2387 868 2485 898 eum

238 944 261 972 a
295 932 446 973 civium
480 928 630 971 invidia
665 928 952 971 tuebuntur-⁶3»
1018 929 1103 972 Sed
1136 929 1244 972 haec
1276 930 1455 986 quaestio
1487 942 1569 986 non
1603 928 1869 984 persolvitur.
1923 930 2070 986 Neque
2103 929 2141 971 id
2175 931 2330 973 iniuria.
2381 931 2486 973 Nam

238 1007 293 1049 de
327 1005 523 1065 Aeschyli
554 1006 759 1047 sententia
793 1010 1076 1062 Agamemnon
1108 1006 1258 1048 civium
1290 1005 1492 1061 sanguine
1526 1005 1700 1059 profuso
1731 1005 1891 1062 insigne
1931 1004 2148 1061 quoddam
2191 1006 2342 1048 malum
2385 1007 2487 1049 faci-

240 1098 317 1126 nus
349 1097 431 1125 non
465 1082 738 1138 perpetravit.
800 1081 1031 1123 lmmolatio
1074 1089 1230 1123 tantum
1274 1079 1500 1138 lphigeniae
1533 1080 1734 1136 imprimis
1764 1080 1981 1137 premitur.
2012 1095 2049 1124 v.
2082 1082 2335 1126 246—253.
2397 1083 2486 1126 Non

239 1158 361 1217 igitur
392 1157 543 1200 invidia
577 1157 748 1205 civium,
781 1158 857 1200 sed
892 1158 979 1200 aliis
1012 1160 1148 1200 causis
1179 1156 1374 1200 interibit.
1406 1180 1461 1187 —

357 1234 678 1294 Clytaemnestra
713 1234 860 1276 iterum
894 1235 930 1276 in
963 1247 1133 1277 scenam
1169 1233 1308 1289 prodit
1339 1240 1380 1275 et
1411 1246 1507 1275 sese
1541 1246 1783 1289 praeconem
1818 1233 1874 1275 ait
1905 1234 2156 1290 conspicere
2188 1249 2210 1277 a
2243 1235 2380 1279 littore
2415 1250 2488 1279 ve·

240 1314 443 1360 nientem,
478 1310 546 1368 qui
581 1310 659 1352 iam
695 1324 795 1352 vera
829 1309 1098 1353 nunciaturus
1130 1311 1191 1354 sit.
1254 1310 1289 1353 ls
1322 1310 1444 1367 igitur
1472 1308 1627 1366 gaudio
1658 1295 1872 1352 exsultans
1904 1310 2068 1352 Troiam
2106 1324 2151 1353 re
2185 1325 2281 1355 vera
2315 1321 2484 1370 captam

239 1402 453 1445 omneque
493 1401 638 1430 semen
681 1395 807 1429 terrae
850 1388 1097 1429 exstinctum
1141 1400 1234 1428 esse
1278 1384 1470 1427 affirmat.
1539 1385 1587 1427 Et
1630 1385 1722 1442 ipse
1766 1386 1937 1442 quidem
1978 1386 2134 1430 chorus
2174 1388 2356 1437 laetatur,
2407 1388 2485 1431 sed

240 1473 404 1507 moesto
435 1478 482 1506 se
515 1478 566 1506 ex
600 1471 774 1519 pectore
806 1476 924 1517 saepe
962 1463 1196 1518 suspirasse
1234 1461 1436 1518 queritur.
1496 1462 1783 1518 lnterrogante
1815 1476 2032 1518 praecone,
2076 1477 2172 1520 quae
2203 1477 2329 1507 causa
2363 1465 2489 1508 suerit

241 1540 514 1599 aegritudinis.
549 1539 713 1582 fortene
746 1538 923 1581 absente
957 1553 1058 1595 rege
1092 1538 1262 1585 fuerint.
1295 1551 1403 1596 quos
1425 1538 1623 1582 timuerit.
1656 1551 1703 1580 se
1724 1536 1884 1581 dudum
1908 1538 2190 1587 molestiarum
2214 1540 2485 1584 lenimentum

243 1632 323 1661 non
358 1617 519 1659 habere
553 1617 624 1657 nisi
658 1616 863 1657 silentium
899 1613 1128 1671 profitetur.
1162 1629 1196 1656 v,
1229 1615 1471 1657 486—545.

359 1692 521 1743 Quibus
552 1691 693 1733 verbis
727 1691 792 1732 hio
826 1691 1002 1746 primum
1037 1704 1176 1731 rerum
1210 1690 1512 1736 conditionem,
1554 1690 1688 1746 qualis
1719 1690 1758 1732 in
1790 1690 1956 1733 aedibus
1988 1692 2110 1747 regiis
2141 1700 2220 1739 est,
2261 1692 2373 1734 haud
2407 1693 2487 1735 ob·

238 1783 364 1812 scure
396 1768 536 1824 tangit.
1572 1820 1575 1822 v

360 1844 682 1903 Clytaemnestra
724 1842 886 1883 laetatur
927 1848 966 1882 et
1008 1841 1254 1895 triumphat.
1295 1840 1408 1896 quod
1452 1849 1657 1882 nocturno
1700 1841 1767 1882 illo
1800 1842 1893 1898 igne
1927 1857 2007 1883 non
2040 1843 2091 1883 sit
2120 1843 2323 1900 decepta.
2367 1854 2485 1888 etse

242 1921 463 1976 coniugem
498 1932 521 1959 e
555 1911 672 1959 bello⁴
702 1916 948 1958 redeuntem
982 1930 1107 1971 quam
1140 1917 1298 1970 optime
1330 1926 1605 1971 excepturam
1640 1930 1735 1958 esse
1766 1917 1942 1959 simulat.
2005 1917 2110 1968 Quin
2149 1919 2267 1960 addit
2304 1920 2485 1962 mendax

241 2010 316 2039 ore
348 1994 599 2051 impudenti,
632 1994 739 2038 fore.
774 2002 815 2033 ut
848 1998 1133 2050 Agamemnon
1166 1989 1291 2033 fidam
1327 1994 1433 2034 intus
1465 2006 1637 2034 uxorem
1672 2001 1713 2033 et
1745 1991 1996 2035 benevolam
2038 1995 2257 2038 custodem
2295 1986 2488 2040 inveniat.

241 2074 388 2130 Neque
421 2071 531 2113 enim
564 2084 659 2112 cum
692 2069 772 2110 alio
808 2070 894 2110 viro
928 2068 1063 2109 ullam.
1083 2082 1129 2110 se
1164 2067 1325 2109 habere
1357 2067 1718 2110 consuetudinem.
1780 2069 1875 2119 Quo
1904 2069 2004 2124 quid
2038 2070 2351 2125 impudentius?
2383 2075 2486 2115 Nam

243 2148 406 2192 mentiri
439 2161 532 2190 eam
567 2154 609 2189 et
638 2153 903 2202 spectatores
934 2145 1068 2188 sciunt
1101 2152 1142 2187 et
1174 2143 1349 2190 chorus.
1382 2144 1420 2186 in
1454 2142 1677 2186 ludibrium
1713 2153 1882 2187 vertens
1913 2145 2003 2189 eius
2036 2145 2188 2196 verba,
2220 2149 2487 2206 apertissime

240 2223 457 2283 significat.
489 2237 526 2264 v.
557 2223 699 2264 585—
733 2221 830 2263 6t4.
864 2244 914 2251 -

359 2301 680 2359 Clytaemnestra
712 2298 898 2354 digressa
933 2296 1089 2338 chorus
1119 2297 1352 2344 sciscitatur
1383 2295 1439 2338 de
1472 2296 1675 2338 Menelao.
1724 2296 1849 2340 Cuius
1874 2300 2203 2353 percontationis
2223 2302 2323 2357 quid
2348 2315 2488 2345 eausae

184 2398 186 2400 >
242 2378 310 2422 sit.
344 2375 467 2419 facile
500 2374 748 2430 intelligitur.
809 2374 989 2415 Primum
1024 2374 1132 2413 enim
1166 2373 1379 2413 Menelaus
1411 2372 1540 2414 frater
1571 2382 1634 2414 est
1656 2375 1979 2428 Agamemnonis
2011 2384 2173 2417 etcum
2196 2392 2250 2419 eo
2273 2379 2311 2419 in
2335 2378 2484 2420 eadem

242 2461 353 2495 terra
388 2459 553 2509 regnat;
599 2463 726 2506 quam
759 2448 815 2491 ob
850 2463 937 2491 rem
972 2448 1026 2490 de
1059 2462 1111 2490 eo
1144 2449 1298 2504 quaeri,
1340 2457 1670 2490 consentaneum
1704 2458 1788 2499 est;
1831 2447 1987 2491 deinde
2028 2464 2129 2493 vero
2162 2451 2321 2509 culpae,
2361 2468 2484 2510 quam

242 2527 309 2570 ille
341 2527 380 2569 in
412 2540 458 2569 se
492 2525 717 2572 contraxit,
760 2522 1078 2581 quodammodo
1111 2524 1326 2579 particeps
1359 2532 1433 2566 est.
1497 2524 1625 2566 Recte
1659 2524 1780 2581 igitur
1812 2534 2077 2581 spectatores
2107 2537 2316 2584 quaerent,
2351 2539 2484 2573 utrum

244 2603 412 2660 punitus
443 2602 514 2650 sit,
557 2613 635 2644 nec
667 2613 733 2643 ne.
793 2600 1012 2643 Postremo
1051 2607 1191 2641 autem
1226 2602 1374 2655 poeta,
1416 2600 1553 2656 quod.
1596 2599 1723 2642 foeda-
1752 2599 1863 2642 illum
1901 2609 2155 2658 tempestate
2198 2613 2391 2646 vexatum
2430 2604 2484 2647 ad

242 2682 482 2739 Aegyptum
516 2690 650 2733 usque
683 2676 894 2719 deiectum
928 2689 1022 2717 esse
1053 2687 1238 2732 suasque
1271 2675 1350 2716 iam
1382 2673 1557 2717 solvisse
1591 2689 1762 2731 poenas.
1806 2689 2048 2732 praeconem
2082 2688 2345 2720 enarrantem
2379 2681 2487 2727 lacit,

243 2756 283 2798 id
316 2764 536 2798 assecutus
567 2762 651 2799 est.
685 2763 728 2795 ut
759 2768 812 2796 ex
843 2752 1002 2799 fabula,
1032 2764 1160 2808 quam
1193 2752 1476 2794 actuosiorem
1507 2749 1597 2794 fieri
1631 2751 1779 2800 noluit,
1813 2751 1979 2795 excludi
2012 2754 2204 2810 potuerit.
2234 2779 2290 2785 —

362 2837 389 2874 A
425 2845 548 2874 versu
577 2831 665 2878 „677
696 2831 886 2889 sequitur
917 2829 1146 2875 canticum,
1179 2842 1265 2886 quo
1298 2827 1455 2872 chorus
1477 2828 1725 2872 Graecorum
1747 2829 2078 2886 expeditionem,
2113 2830 2247 2873 Troiae
2268 2831 2489 2881 funestam,

243 2916 541 2966 sumptamque
573 2908 628 2951 de
661 2907 813 2950 violato
845 2907 935 2948 iure
968 2904 1159 2961 hospitali
1204 2904 1429 2947 vindictam
1472 2905 1675 2949 celebrat.
1736 2906 1838 2948 Tum
1879 2920 1981 2949 vero
2022 2906 2073 2948 ad
2118 2906 2255 2950 locum
2298 2921 2490 2952 commu-

245 2999 341 3028 nem
374 2995 433 3033 ει,
467 2993 511 3026 ut
541 2986 594 3026 ita
628 2984 783 3031 dicam.
816 2982 1101 3037 dogmaticum
1134 2980 1279 3023 transit
1310 2988 1352 3024 et
1374 2981 1500 3025 totius
1520 2980 1741 3040 tragoediae
1763 2982 1902 3038 prodit
1921 2982 2168 3025 sententiam
2188 2984 2492 3040 gravissimam.

246 3060 441 3103 Veterem
472 3061 528 3102 ait
560 3074 654 3103 esse
687 3059 947 3114 opinionem,
980 3071 1061 3114 qua
1095 3054 1314 3104 credatur,
1347 3069 1372 3098 a
1404 3057 1526 3099 nimia
1562 3056 1758 3100 felicitate
1790 3072 1871 3100 non
1903 3057 2050 3113 procul
2082 3057 2238 3102 abesse
2261 3060 2492 3115 miseriam;

245 3134 322 3178 sibi
354 3142 495 3178 autem
527 3134 581 3177 ab
613 3134 702 3177 aliis
732 3133 989 3177 dissentienti
1024 3145 1195 3189 prorsus
1224 3131 1348 3175 aliam
1380 3139 1493 3176 stare
1526 3133 1787 3176 sententiam.
1828 3132 1959 3174 iustas
1990 3134 2098 3174 enim
2123 3133 2301 3179 familias
2321 3151 2493 3195 semper

1880 3208 1905 3249 2
