2774 3741
1349 126 1401 167 18

234 267 466 312 >vindictam
501 279 598 310 esse
630 273 842 322 sumptam
874 265 1104 314 iudicasse.
1136 280 1350 324 nunquam
1382 265 1652 310 crediderim.
1713 266 1911 310 Graecum
1943 275 2026 318 est,
2064 265 2147 312 filio
2179 268 2235 313 ab
2266 283 2320 313 eo
2352 277 2502 326 peten-

241 343 338 387 dam
371 356 468 386 esse
500 341 721 389 ultionem,
766 341 838 399 qui
870 341 937 386 vel
972 341 1219 399 parentibus
1260 342 1326 386 vel
1358 343 1547 400 cognatis
1577 343 1662 386 suis
1692 355 1865 399 gravem
1908 342 2098 387 iniuriam
2138 345 2289 398 intulit;
2330 344 2407 389 sed
2439 345 2501 388 in-

240 420 393 463 iustum
426 426 470 462 et
499 431 523 461 a
556 431 676 461 more
708 417 960 462 Graecorum
992 418 1175 463 alienum
1208 427 1291 469 est,
1321 418 1377 462 ab
1410 418 1479 462 illo
1510 417 1638 462 filium
1672 425 1877 475 expetere
1910 432 2105 476 poenam,
2134 423 2203 479 qui
2236 435 2316 466 nec
2348 434 2501 479 paren-

242 501 308 539 tes
338 507 420 538 nec
452 501 659 551 cognatos
689 507 792 539 suos
823 492 905 539 ulla
949 507 1135 552 unquam
1175 494 1321 538 iniuria
1359 493 1511 538 affecit.
1572 492 1794 553 Aegisthus
1834 493 1958 553 igitur
1997 509 2073 538 sua
2115 510 2290 554 prorsus
2328 498 2412 556 agit
2441 496 2501 540 in-

243 570 370 620 iuria,
391 570 444 617 ,si
477 583 556 626 pro
589 570 701 613 Atrei
734 568 862 627 culpa
899 569 1028 614 filium
1069 571 1300 619 ulciscitur,
1344 578 1387 613 et
1417 584 1469 613 ne
1502 570 1648 627 specie
1680 569 1851 627 quidem
1894 570 1994 613 iuris
2033 571 2186 616 nititur.
2247 573 2355 626 Quid
2399 587 2500 616 vero

242 644 359 706 quod
392 658 439 690 se
471 643 527 689 ab
559 647 878 705 Agamemnone
910 645 1056 690 exsilio
1089 645 1304 690 multatum
1338 659 1433 690 esse
1466 644 1597 690 dicit?
1647 644 1847 695 Vidimus,
1885 658 2013 704 quam
2045 646 2315 705 impudenter
2346 649 2501 709 Clytae-

243 730 430 766 mnestra
463 723 710 776 mentiatur;
741 721 844 780 quid
875 736 1098 780 speramus
1129 723 1184 767 de
1217 723 1308 767 eius
1338 730 1527 766 amatore
1559 722 1740 766 vitioso?
1775 722 1938 766 Chorus
1969 730 2014 766 ut
2044 722 2167 767 huius
2198 725 2341 770 verbis
2370 724 2496 769 fidem

243 797 421 848 habeat,
453 806 613 842 tantum
646 798 787 849 abest,
820 807 863 842 ut
895 798 1038 856 populi
1072 801 1109 843 ei
1143 798 1443 856 lapidationem
1476 798 1766 842 comminetur.
1815 798 1911 842 Esto
1943 812 2069 849 vero,
2102 813 2191 843 rem
2226 815 2369 844 veram
2393 813 2499 849 esse.

244 872 346 932 quid
380 872 478 918 inde
511 874 611 918 iuris
643 872 813 917 manat?
841 873 1064 930 Aegisthus
1096 888 1235 918 nonne
1268 874 1359 931 ipse
1391 887 1486 918 cum
1520 873 1843 934 Clytaemnestra
1876 881 1918 918 et
1939 873 2069 922 illum.
2102 889 2230 933 quem
2253 890 2381 934 supra
2406 875 2498 921 dixi.

245 949 400 994 domus
430 948 603 994 fidelem
643 947 863 993 custodem
896 949 935 992 in
970 949 1204 993 vastitatem
1245 949 1391 994 insulae
1424 957 1465 993 et
1497 949 1718 1000 Orestem,
1759 950 2084 1008 Agamemnonis
2125 949 2271 1001 filium,
2315 953 2354 995 in
2394 952 2502 995 exsi-

245 1025 345 1070 lium
378 1026 535 1070 eiecit?
565 1025 731 1068 Maneat
762 1023 901 1082 igitur,
933 1037 1030 1068 eum
1066 1039 1119 1069 ne
1146 1025 1293 1083 specie
1326 1024 1499 1083 quidem
1532 1026 1631 1070 iuris
1662 1026 1748 1076 niti,
1787 1025 1862 1070 sed
1895 1025 1984 1070 sola
2015 1039 2090 1070 sua
2124 1027 2267 1070 iniuria
2301 1041 2443 1086 agere.

365 1102 466 1146 Eum
497 1100 586 1145 sola
619 1099 821 1158 regnandi
853 1099 1064 1158 cupiditas
1095 1100 1302 1158 deinceps
1334 1101 1386 1144 ad
1420 1101 1671 1146 adulterium
1705 1101 1931 1145 ineundum
1965 1111 2008 1146 et
2034 1101 2199 1146 caedem
2224 1105 2502 1162 Agamemno—

248 1179 311 1222 nis
351 1177 599 1236 patrandam
643 1175 837 1233 perpulit.
899 1177 940 1219 Si
973 1177 1095 1235 igitur
1134 1179 1421 1236 Agamemnon
1462 1192 1581 1221 suam
1625 1179 1754 1235 ipsius
1797 1178 1964 1235 culpam
2007 1179 2200 1236 quamvis
2241 1179 2353 1229 dira,
2396 1181 2499 1223 iusta

245 1264 385 1298 tamen
417 1261 553 1297 morte
585 1253 679 1303 luit,
710 1253 749 1296 in
783 1253 874 1297 eius
903 1262 1017 1298 sorte
1050 1255 1381 1312 acquiescimus3
1415 1269 1493 1311 pro
1524 1254 1661 1298 aliena
1694 1268 1790 1299 eum
1823 1268 1902 1312 per
1934 1255 2144 1299 hominem
2170 1269 2353 1313 nequam
2380 1257 2499 1300 morti

244 1330 545 1379 succumbere,
578 1328 780 1373 horribile
813 1338 877 1372 est
910 1339 952 1372 et
985 1344 1132 1387 parum
1165 1330 1292 1374 decet
1324 1330 1588 1388 tragoediam.
1650 1330 1790 1378 Adde,
1824 1330 1938 1388 quod
1972 1338 2057 1374 tum
2090 1330 2261 1374 demum
2292 1331 2400 1375 λέων
2431 1332 2498 1375 ille

243 1401 416 1457 ἄναλκις
446 1420 498 1450 ex
533 1406 687 1449 insidiis
720 1407 974 1463 prorumpit,
1018 1416 1240 1464 postquam
1276 1412 1562 1465 Agamemnon
1604 1415 1779 1450 necatus
1821 1416 1897 1450 est.
1958 1407 2065 1459 Quid
2110 1407 2268 1450 multa?
2318 1408 2499 1466 Aegisthi

245 1497 342 1527 cum
384 1484 704 1541 Agamemnone
746 1481 955 1527 conflictio
996 1498 1078 1526 non
1122 1491 1186 1526 est
1228 1483 1339 1532 talis,
1384 1484 1552 1540 qualem
1596 1483 1779 1540 postulat
1823 1483 2042 1540 tragoedia.
2105 1487 2259 1527 Auctor
2299 1484 2428 1527 caedis
2458 1492 2501 1526 ut

243 1559 468 1618 tragoediae
511 1572 695 1615 persona
736 1572 885 1615 parum
927 1560 1022 1616 agit.
1085 1560 1241 1608 Causa,
1285 1574 1367 1616 qua
1400 1574 1447 1602 se
1480 1559 1532 1601 ad
1567 1560 1731 1603 caedem
1774 1559 1996 1615 impulsum
2039 1560 2275 1609 contendit,
2317 1569 2361 1602 ut
2392 1560 2499 1609 ficta,

247 1649 330 1680 non
362 1632 534 1683 sufficit,
568 1634 806 1692 praesertim
837 1648 967 1692 quum
1003 1634 1039 1677 in
1073 1635 1298 1692 Coephoris
1329 1650 1412 1678 non
1447 1635 1556 1678 ultor
1587 1636 1648 1678 sui
1682 1644 1724 1678 et
1756 1636 1903 1692 patris,
1934 1634 2009 1678 sed
2043 1634 2211 1679 adulter
2234 1644 2276 1678 et
2299 1643 2500 1694 tyrannus

245 1719 466 1770 appareat.
527 1712 636 1763 Quae
668 1724 796 1768 quum
827 1711 882 1754 ita
915 1713 1011 1760 sint,
1044 1711 1133 1753 dira
1167 1711 1260 1754 haec
1294 1711 1516 1770 tragoediae
1550 1725 1648 1768 pars
1679 1720 1743 1754 est
1775 1720 1818 1754 et
1849 1711 1946 1755 vitio
1979 1726 2060 1754 non
2093 1719 2222 1754 caret.

365 1791 422 1831 Ac
461 1801 514 1830 ne
556 1786 655 1830 illud
698 1786 870 1845 quidem
913 1788 1184 1845 comprobari
1234 1796 1396 1845 potest,
1450 1789 1564 1845 quod
1609 1793 1735 1845 poeta
1776 1787 2053 1829 Cassandram
2097 1796 2346 1845 pereuntem
2388 1789 2499 1830 fecit.

246 1863 357 1918 Quid
400 1864 510 1908 enim
553 1863 706 1907 misera
747 1864 913 1921 captiva
946 1865 1172 1913 commisit,
1211 1879 1297 1923 quo
1339 1865 1476 1922 culpae
1518 1878 1590 1907 rea
1623 1865 1706 1907 sit?
1754 1864 2007 1920 Apollinem,
2050 1864 2200 1914 credo,
2240 1866 2317 1906 suo
2355 1864 2500 1907 fefellit

244 1955 393 1985 amore
426 1940 483 1985 ob
517 1954 700 1998 eamque
733 1954 902 1985 causam
936 1943 1054 1985 irruit
1087 1943 1124 1983 in
1159 1943 1380 1985 miseriam.
1444 1943 1573 1985 Recte
1606 1941 1645 1984 id
1679 1941 1870 1999 quidem,
1911 1940 1986 1983 sed
2022 1942 2130 1999 regis
2172 1941 2295 1983 filiam
2338 1949 2496 1985 castam

245 2033 342 2063 esse
382 2017 525 2066 malle,
567 2029 694 2074 quam
728 2016 792 2060 vel
825 2018 901 2062 Dei
943 2018 1116 2062 alicuius
1157 2017 1399 2061 libidinibus
1437 2018 1660 2064 inservire,
1703 2016 1803 2074 quid
1846 2016 1927 2060 hoc
1959 2026 2023 2060 est
2053 2016 2227 2061 delicti?
2281 2017 2372 2066 Dei,
2415 2031 2498 2060 non

244 2093 450 2142 mulieris,
472 2091 742 2136 .voluntatem
775 2092 1048 2152 indignamur.
1110 2097 1158 2136 At
1191 2095 1299 2137 enim
1334 2093 1570 2137 concubina
1602 2093 1927 2149 Agamemnonis
1958 2101 2033 2136 est.
2095 2092 2317 2142 Concedo;
2356 2093 2433 2136 sed
2465 2093 2497 2135 si

246 2177 399 2227 potens
430 2183 504 2212 rex
539 2167 792 2212 imbecillam
824 2170 1034 2226 captivam
1068 2170 1237 2213 incestis
1268 2168 1485 2212 amoribus
1516 2169 1600 2212 suis
1632 2169 1834 2211 inservire
1867 2169 1999 2224 cogit,
2033 2176 2170 2211 utrum
2204 2182 2354 2212 censes
2383 2168 2496 2226 flagi-

246 2245 431 2290 tiosum?
467 2245 638 2288 Maneat
669 2244 808 2302 igitur,
841 2244 1118 2289 Cassandram
1154 2260 1328 2303 prorsus
1361 2246 1565 2288 insontem
1598 2243 1778 2287 interire.
1839 2244 1928 2287 Hoc
1958 2253 2098 2287 autem
2131 2244 2309 2288 alterum
2342 2252 2494 2303 tragoe-

246 2322 329 2366 diae
360 2321 501 2364 vitium
534 2329 610 2364 est.

362 2396 447 2442 Sed
478 2396 533 2441 ad
566 2396 809 2456 Aegisthum
843 2398 1079 2443 redeamus.
1141 2399 1182 2442 Si
1215 2398 1314 2456 quid
1350 2398 1495 2445 video,
1527 2397 1709 2440 Orestiae
1741 2397 1801 2439 vis
1832 2397 2002 2440 interior
2033 2398 2071 2439 in
2104 2395 2370 2440 conflictione
2394 2396 2497 2439 dua-

244 2490 336 2519 rum
369 2487 613 2524 causarum,
654 2487 834 2532 quarum
875 2474 1008 2518 altera
1049 2475 1176 2523 iusta,
1219 2474 1350 2518 altera
1394 2474 1541 2517 iniusta
1575 2480 1658 2530 est,
1701 2473 1836 2529 posita
1881 2473 2057 2517 videtur.
2117 2475 2184 2517 lus
2216 2481 2372 2531 pugnat
2402 2486 2497 2517 cum

241 2552 388 2596 iniuria
422 2550 534 2594 haud
567 2550 759 2594 naturali.
820 2551 926 2603 Quae
957 2553 989 2595 si
1023 2552 1142 2608 quasi
1176 2552 1326 2594 trutina
1359 2550 1667 2598 examinamus,
1700 2547 1877 2593 alterum
1909 2565 1991 2593 non
2025 2550 2161 2607 impar
2192 2550 2311 2594 alteri
2344 2550 2501 2594 inveni-

243 2643 355 2677 mus,
398 2627 437 2670 id
469 2627 606 2684 quod,
646 2642 777 2684 quum
810 2627 865 2671 de
897 2628 1222 2685 Agamemnonis
1253 2635 1295 2671 et
1326 2627 1666 2686 Clytaemnestrae
1699 2623 1822 2682 culpa
1854 2634 2139 2683 quaereretur,
2181 2627 2281 2670 satis
2322 2624 2499 2670 demon-

240 2714 419 2750 stratum
451 2712 527 2747 est.
587 2702 812 2763 Aegisthus
842 2713 981 2748 autem
1015 2704 1128 2748 nullo
1160 2705 1250 2748 iure
1283 2704 1435 2748 nititur.
1498 2705 1534 2746 ls
1563 2702 1651 2746 sola
1686 2702 1906 2746 vitiositate
1935 2701 2087 2747 ductus
2119 2703 2204 2762 agit
2236 2702 2292 2747 ob
2317 2715 2498 2761 eamque

243 2796 333 2826 rem
375 2782 560 2825 omnium
602 2781 829 2839 tragoediae
869 2795 1146 2838 personarum
1189 2783 1415 2824 maximam
1458 2782 1496 2823 in
1528 2795 1576 2824 se
1608 2779 1776 2837 culpam
1815 2781 2039 2837 congessit.
2100 2781 2243 2833 Quare
2275 2781 2307 2823 si
2340 2780 2500 2823 miseri-

242 2858 386 2902 cordia
419 2865 486 2901 est
515 2858 723 2915 aegritudo
756 2872 809 2901 ex
840 2858 1007 2901 miseria
1039 2858 1211 2901 alterius
1243 2858 1389 2900 iniuria
1421 2856 1672 2904 laborantis,
1716 2856 1888 2914 Aegisti,
1931 2856 2125 2913 quamvis
2157 2856 2309 2899 ultimis
2338 2855 2498 2912 suppli-

241 2935 316 2979 ciis
345 2934 507 2984 affecti,
540 2948 593 2978 ne
624 2933 970 2978 humanissimum
1003 2934 1173 2990 quidem
1206 2934 1420 2978 hominem
1453 2930 1681 2977 miserebit.

360 3010 698 3071 Clytaemnestrae
728 3010 866 3053 dirum
897 3009 938 3052 in
971 3011 1119 3054 marito
1150 3009 1350 3068 flagitium
1384 3010 1632 3066 impunitum
1666 3022 1839 3053 manere
1871 3023 1953 3053 non
1987 3016 2139 3065 potest.
2201 3010 2287 3051 Iam
2320 3006 2498 3051 Cassan-

239 3089 317 3132 dra
350 3089 459 3145 patri
490 3087 697 3130 vindicem
730 3088 935 3130 oriturum
968 3100 1063 3129 esse
1095 3086 1299 3143 praedixit.
1361 3086 1511 3129 Redux
1544 3084 1723 3129 Orestes
1753 3092 1878 3129 necat
1915 3092 2094 3129 matrem
2128 3085 2305 3142 eiusque
2338 3092 2499 3128 amato-

239 3179 343 3208 rem.
404 3162 564 3207 Ambos
591 3163 758 3213 necari,
799 3163 1015 3207 notissima
1046 3162 1100 3205 ab
1133 3164 1319 3207 Homero
1363 3170 1541 3219 recepta
1583 3161 1725 3205 sabula
1766 3161 1967 3219 postulat,
2008 3161 2085 3206 sed
2128 3159 2405 3205 matricidium
2438 3160 2499 3205 rei

239 3249 370 3298 caput
400 3246 478 3284 est.
537 3239 670 3281 Etiam
703 3238 885 3284 Orestes
913 3238 970 3282 ab
1004 3252 1083 3282 una
1116 3247 1238 3296 parte
1269 3240 1360 3283 iure
1392 3239 1551 3288 nititur,
1584 3237 1639 3281 ab
1671 3238 1803 3283 altera
1824 3238 1964 3296 culpae
1986 3252 2085 3282 reus
2106 3246 2181 3281 est.
2226 3235 2288 3280 Ab
2308 3235 2497 3293 Apolline
