2774 3741
1363 111 1388 152 4

234 254 413 314 proinde
443 255 581 312 accipi
615 253 760 304 velim,
801 265 854 297 ac
884 254 918 296 si
951 253 1050 296 nihil
1083 254 1223 296 verius
1252 252 1336 294 dici
1368 266 1496 310 posse
1529 261 1697 309 putem,
1737 261 1781 293 ut
1812 253 1865 294 ita
1898 251 2097 297 lubenter
2128 255 2262 313 patiar
2302 255 2489 308 iudicari,

234 344 302 375 me
332 343 415 374 non
448 329 563 388 quod
597 336 761 374 rectum
792 330 846 374 sit
876 330 1118 387 scripsisse.
1150 330 1227 374 sed
1260 329 1375 387 quod
1408 340 1535 385 quam
1568 329 1749 371 maxime
1783 341 2032 386 persuasum
2065 332 2262 376 habeam.
2291 356 2347 364 -

349 406 598 464 Priusquam
639 412 784 449 autem
826 404 1072 465 respondeo
1104 405 1159 449 ad
1189 404 1255 455 id,
1296 404 1412 463 quod
1452 404 1624 461 suscepi
1664 403 1951 455 tractandum,
1993 413 2037 449 et
2076 408 2294 452 consilium
2336 422 2489 461 meum,

232 482 359 541 quale
390 482 443 525 sit
473 482 760 539 propositum,
793 489 837 526 et
868 494 1029 531 rerum,
1060 481 1117 525 de
1149 480 1304 539 quibus
1334 479 1552 537 disputare
1584 480 1624 522 in
1655 480 1796 523 animo
1827 487 1909 529 est,
1942 481 2135 526 ordinem
2167 498 2391 543 exponam.

349 558 533 600 Primum
566 558 690 615 igitur
720 557 777 602 de
809 557 988 606 sabulae,
1031 570 1129 616 quae
1161 557 1237 599 suit
1266 564 1364 599 ante
1396 554 1652 614 Aeschylum
1683 555 1740 599 de
1770 555 1994 614 tragoediae
2027 561 2257 617 propositae
2298 563 2491 620 personis

233 646 471 691 eorumque
503 634 617 683 satis,
651 634 814 692 origine
846 641 890 677 et
920 641 1067 676 natura
1099 632 1259 693 dicam;
1300 631 1455 674 deinde
1497 631 1720 689 tragoediae
1757 642 2051 690 argumentum
2084 637 2138 677 ita
2170 651 2402 695 exponam,
2446 647 2490 681 ut

234 724 311 754 eos
341 709 605 768 potissimum
637 709 758 753 locos
788 709 1034 767 consignem
1066 716 1110 752 et
1140 709 1412 765 interpreter,
1453 707 1608 764 quibus
1645 706 1776 751 caedis
1807 709 2132 765 Agamemnonis
2163 725 2306 757 causae
2335 715 2489 772 signifi-

232 793 343 832 catae
373 787 473 836 sint;
506 786 694 845 denique
726 786 952 844 inquiram,
984 799 1068 844 qua
1102 786 1140 827 in
1175 798 1220 827 re
1252 783 1475 843 tragoediae
1509 783 1569 826 vis
1600 783 1772 826 interior
1802 785 1938 841 posita
1971 799 2066 829 esse
2098 787 2303 833 videatur.

352 864 411 906 Ac
443 863 624 919 primum
656 861 828 919 quidem
860 861 975 918 quod
1010 862 1193 917 pertinet
1223 860 1276 901 ad
1309 859 1530 918 tragoediae
1562 872 1768 916 personas
1809 873 2047 918 eorumque
2079 862 2177 911 sata,
2221 879 2271 907 ex
2304 867 2489 908 Homero

235 940 509 997 perspicuum
542 946 624 986 est,
666 937 747 980 iam
779 943 878 980 ante
911 936 1154 996 Odysseam
1195 936 1404 979 excultam
1444 936 1498 978 de
1530 935 1593 978 his
1623 935 1751 977 fuisse
1793 934 1991 979 rabulam.
2051 937 2132 981 Csr.
2164 939 2321 1000 Odyss.
2352 957 2390 985 α.
2420 942 2488 992 30,

233 1014 335 1058 298.
364 1029 401 1069 γ.
436 1012 540 1062 ⁴93,
571 1012 678 1062 234,
711 1012 965 1062 255—275,
997 1012 1096 1055 303.
1126 1012 1162 1054 δ.
1194 1011 1440 1055 542-538.
1471 1014 1506 1055 λ..
1536 1011 1780 1063 405-ς465.
1813 1026 1860 1053 ω.
1895 1011 1989 1054 ⁴99.
2035 1013 2094 1056 Ex
2127 1014 2190 1058 his
2219 1015 2322 1060 locis
2343 1024 2490 1073 patent

234 1090 350 1133 baec:
381 1092 691 1147 Agamemnon,
734 1088 846 1130 Atrei
877 1086 1007 1138 filius,
1049 1101 1178 1145 quum
1213 1087 1526 1144 expeditionem
1559 1094 1703 1130 contra
1735 1087 1899 1129 Troiam
1931 1089 2188 1145 susciperet,
2231 1091 2488 1151 Clytaemne-

233 1172 362 1211 stram
395 1178 571 1209 uxorem
605 1176 720 1207 curae
751 1161 1046 1221 custodiaeque
1078 1164 1262 1206 cantoris
1295 1163 1512 1206 cuiusdam
1544 1159 1712 1216 (ἀοιδοῦ
1741 1158 1915 1219 ἀνδρός)
1947 1164 2235 1210 mandaverat.
2294 1173 2343 1211 At
2367 1169 2489 1228 Aegi—

232 1242 371 1292 sthus,
413 1241 613 1300 Thyestae
646 1238 770 1290 filius,
810 1238 1014 1297 regnandi
1047 1238 1279 1296 cupiditate
1312 1239 1534 1297 impulsus,
1576 1239 1676 1281 dum
1709 1239 1835 1282 abest
1863 1240 2137 1300 Mycenarum
2179 1257 2274 1293 rex,
2318 1254 2487 1289 versute

233 1319 274 1361 in
306 1318 615 1360 matrimonium
649 1315 826 1374 petebat
856 1316 1056 1372 reginam.
1118 1315 1226 1366 Quae
1259 1317 1334 1357 etsi
1367 1316 1437 1357 diu
1476 1316 1683 1358 suadente
1722 1316 1790 1358 illo
1827 1323 2001 1358 cantore
2043 1330 2235 1361 amorum
2275 1320 2488 1364 illecebris

233 1394 474 1443 resistebat,
517 1402 676 1443 tamen,
719 1399 971 1450 corruptore
1013 1405 1095 1435 non
1137 1398 1331 1435 cessante
1365 1392 1402 1434 in
1434 1392 1574 1435 studio
1605 1399 1734 1451 atque
1775 1405 1908 1450 opere
1939 1406 2039 1442 suo,
2081 1402 2307 1454 postquam
2346 1406 2488 1443 custos

232 1470 369 1515 tidelis
400 1472 438 1513 in
470 1469 618 1512 insulae
651 1469 871 1512 cuiusdam
896 1468 1130 1510 vastitatem
1153 1469 1313 1511 eiectus
1334 1477 1415 1516 est,
1448 1467 1502 1510 ab
1524 1468 1664 1510 animo
1685 1483 1763 1511 suo
1783 1468 1954 1511 tandem
1978 1470 2235 1526 impetravit,
2268 1483 2312 1515 ut
2331 1483 2489 1531 praeter

233 1547 297 1590 ius
327 1559 379 1589 ac
411 1553 602 1588 naturam
635 1544 943 1586 matrimonium
977 1544 1260 1585 contraheret.
1322 1544 1415 1595 Quo
1448 1543 1560 1585 sacto
1592 1556 1688 1585 cum
1720 1543 1918 1602 Aegistho
1949 1544 1989 1586 in
2011 1545 2184 1588 domum
2207 1550 2381 1606 regiam,
2414 1564 2482 1592 ex-

232 1631 369 1665 trema
386 1624 592 1679 Argorum
608 1628 729 1677 parte
744 1621 887 1667 sitam,
920 1619 1034 1662 abiit.
1067 1621 1150 1661 lam
1174 1634 1296 1667 vero,
1328 1633 1456 1675 quum
1477 1621 1617 1675 gravis
1636 1620 1692 1663 ab
1710 1624 2025 1677 Agamemnone
2048 1623 2148 1666 ultio
2170 1626 2487 1669 extimescenda

234 1705 367 1747 esset,
411 1711 435 1741 e
468 1696 609 1740 medio
650 1695 763 1738 hunc
805 1694 890 1738 tolli
920 1708 1101 1738 necesse
1142 1703 1245 1738 erat.
1308 1696 1452 1752 ltaque
1494 1694 1622 1738 homo
1664 1695 1858 1753 quidam,
1901 1697 2128 1754 quiesset
2159 1700 2198 1741 in
2229 1700 2414 1756 speculis
2445 1712 2488 1745 et

235 1774 486 1819 redeuntem
521 1772 753 1816 exercitum
786 1769 1012 1819 indicaret,
1057 1770 1263 1814 mercede
1296 1771 1531 1814 conductus
1562 1779 1637 1814 est.
1700 1772 1735 1815 ls
1767 1780 1991 1830 postquam
2022 1786 2176 1817 annum
2214 1776 2488 1835 pervigilavit,

231 1851 402 1896 tandem
444 1851 571 1909 regis,
616 1849 733 1893 foeda
775 1855 1029 1905 tempestate
1076 1843 1246 1903 «ἀγροῦ
1287 1844 1350 1890 ἐπ’
1390 1847 1609 1903 ἐσχατιήν,
1648 1841 1722 1890 ὅθι
1750 1846 1925 1903 δώματα
1953 1854 2043 1892 ναῖε
2075 1850 2264 1907 Θυέστης
2292 1849 2342 1896 τὸ
2371 1855 2485 1910 πρίν,

229 1925 336 1984 ἀτὰρ
375 1924 460 1971 τότ’
502 1925 610 1969 ἔναιε
653 1923 914 1980 Θυεστιάδης
951 1925 1209 1979 Αἴγισθος,»
1255 1925 1359 1975 (cfr.
1392 1925 1549 1984 Odyss.
1590 1926 1626 1968 ὃ.
1657 1925 1767 1979 547)
1809 1926 1961 1970 deiecti
1999 1927 2227 1972 adventum
2268 1932 2487 1975 renuntiat.

229 2005 419 2050 Venienti
460 2002 630 2046 obviam
674 2001 868 2059 procedit
908 2000 1129 2060 Aegisthus
1168 2009 1380 2058 vocatque
1423 2001 1475 2044 nil
1517 2002 1840 2060 praesagientem
1882 2002 1936 2045 ad
1979 2003 2138 2060 epulas.
2209 2009 2258 2048 At
2296 2005 2485 2063 perfidus

231 2081 480 2127 convivator
521 2080 699 2135 eiusque
738 2086 859 2121 taetra
899 2092 1006 2120 uxor
1036 2086 1159 2134 turpe
1203 2077 1428 2119 moliuntur
1470 2077 1611 2120 letum.
1673 2079 1775 2120 Nam
1816 2092 1945 2136 supra
1984 2080 2132 2137 epulas
2173 2082 2311 2140 viginti
2350 2083 2486 2127 sicarii

229 2157 370 2202 subito
403 2170 454 2199 ex
487 2154 660 2198 latebris
691 2162 995 2212 consurgentes
1026 2157 1385 2211 Agamemnonem
1426 2155 1603 2211 eiusque
1641 2156 1780 2198 socios
1817 2156 2062 2211 opprimunt
2093 2167 2134 2200 et
2166 2167 2331 2203 necant.
2391 2162 2486 2216 Ipsa

231 2231 485 2281 Cassandra,
519 2244 646 2289 quam
680 2229 746 2274 ille
768 2230 978 2288 captivam
1001 2230 1122 2274 Troia
1156 2244 1301 2274 secum
1334 2229 1533 2279 duxerat,
1566 2242 1588 2272 a
1612 2229 1933 2289 Clytaemnestra
1954 2232 2094 2290 gladio
2114 2235 2360 2290 percutitur.
2409 2236 2485 2282 Ubi

230 2317 330 2355 tunc
363 2308 540 2352 Orestes
572 2305 680 2351 filius
710 2313 840 2355 esset,
880 2307 1168 2366 Agamemnon
1202 2305 1320 2367 Ulyxi
1353 2305 1466 2364 apud
1501 2306 1657 2349 inferos
1699 2307 1878 2350 versanti
1920 2306 2065 2353 dicere
2107 2322 2189 2353 non
2231 2318 2382 2368 potest.
2412 2313 2485 2358 cfr.

231 2385 390 2445 Odyss.
420 2385 454 2428 λ.
486 2382 582 2427 463.
645 2381 731 2426 Sed
765 2381 883 2426 locus
915 2380 1128 2441 Odysseae
1160 2397 1198 2437 γ.
1231 2382 1315 2425 305
1347 2395 1409 2440 sq.
1440 2381 1540 2424 satis
1572 2381 1850 2431 demonstrat,
1885 2382 1996 2427 illum
2029 2391 2180 2428 octavo
2199 2384 2354 2430 dehinc
2373 2399 2482 2432 anno

228 2461 401 2506 Athenis
434 2459 597 2504 venisse
631 2466 675 2503 et
706 2472 787 2502 non
819 2457 954 2502 solum
987 2457 1191 2515 Aegisthi,
1223 2458 1298 2502 sed
1333 2458 1459 2502 etiam
1481 2458 1623 2501 matris
1643 2458 1807 2501 caedem
1830 2467 1872 2502 et
1892 2461 2147 2505 occisionem
2170 2461 2323 2506 secisse
2345 2476 2482 2522 eaque

229 2555 278 2584 re
309 2538 403 2593 (cl'r.
434 2554 470 2592 γ.
502 2535 609 2588 ⁶204)
642 2548 836 2593 magnam
868 2534 946 2579 sibi
981 2546 1255 2591 comparasse
1286 2534 1475 2592 gloriam.
1527 2533 1679 2579 Contra
1713 2547 1763 2579 ea
1797 2535 1980 2595 Tyndari
2005 2535 2104 2588 filia,
2138 2550 2234 2595 quae
2263 2540 2482 2599 coniugem

228 2615 413 2664 necavit,
449 2611 632 2656 tristibus
664 2609 906 2655 celebratur
939 2609 1207 2655 carminibus.
1240 2611 1312 2654 cfr.
1345 2626 1392 2654 ω.
1423 2611 1522 2654 200.
1553 2634 1605 2641 —

348 2691 405 2735 En
447 2689 734 2747 antiquissima
774 2687 829 2731 de
870 2687 1092 2746 tragoediae
1135 2689 1328 2745 personis
1368 2701 1606 2745 eorumque
1647 2687 1751 2731 satis.
1821 2689 1875 2732 Ex
1920 2687 2110 2749 cyclicis.
2162 2704 2270 2749 quos
2321 2704 2482 2746 vocant,

229 2769 384 2828 po'etis,
427 2765 543 2825 quod
575 2765 725 2814 sciam,
769 2764 920 2822 Hagias
952 2764 1216 2813 Troezenius,
1257 2772 1299 2807 et
1331 2777 1355 2807 e
1387 2764 1530 2823 lyricis
1562 2752 1829 2808 Stesichorus
1867 2766 2103 2810 Himeraeus
2140 2766 2322 2811 eandem
2363 2769 2484 2814 fabu-

227 2844 310 2890 lam
342 2849 586 2887 tractarunt.
648 2839 814 2898 Quibus
845 2853 942 2898 quae
974 2840 1135 2884 debeat
1165 2840 1417 2899 AeschyluS,
1452 2839 1642 2897 expediri
1676 2843 1829 2899 nequit.
1891 2843 1976 2884 lam
2009 2843 2231 2901 quaeritur.
2264 2858 2360 2887 num
2394 2848 2484 2892 talis

227 2920 369 2965 sabula
401 2925 499 2976 apta
532 2918 746 2975 dignaque
779 2916 922 2966 fuerit,
954 2929 1052 2974 quae
1085 2916 1138 2958 ad
1160 2929 1332 2959 scenam
1359 2924 1700 2973 componeretur.
1742 2917 1982 2967 Hominem,
2016 2919 2133 2976 regio
2151 2920 2312 2963 semine
2334 2930 2485 2975 ortum,

228 3004 273 3042 ut
303 2997 343 3039 in
376 2994 532 3038 alienas
565 2992 723 3037 involet
755 2993 1066 3050 possessiones,
1096 2991 1338 3049 depravare
1372 3000 1414 3035 et
1446 3005 1724 3050 corrumpere
1757 2994 1942 3052 reginam
1977 3001 2018 3036 et
2050 3007 2145 3037 cum
2178 3007 2229 3037 ea
2255 2994 2482 3055 legitimum

227 3074 421 3117 maritum
455 3070 734 3118 obtruncare,
766 3069 938 3126 vulgare
970 3076 1099 3126 atque
1132 3069 1293 3112 soedum
1328 3077 1403 3112 est.
1466 3070 1613 3126 Neque
1655 3070 1789 3113 minus
1831 3071 2001 3129 vulgare
2044 3079 2171 3128 atque
2213 3072 2375 3117 soedum
2408 3085 2483 3126 est,

226 3150 434 3209 reginam,
466 3147 622 3190 amoris
652 3144 830 3190 stimulis
860 3145 1074 3203 agitatam,
1109 3159 1162 3188 eo
1195 3145 1347 3189 furoris
1379 3146 1545 3195 venire,
1579 3152 1622 3188 ut
1652 3146 1789 3189 auxilii
1821 3147 1991 3204 inopem
2024 3147 2233 3205 captivam
2258 3157 2356 3194 ante
2377 3165 2481 3196 ocu-

226 3227 289 3272 los
320 3222 561 3269 moribundi
593 3223 727 3265 mariti
756 3220 897 3280 gladio
930 3221 1150 3279 percutiat.
1212 3221 1334 3265 Tales
1364 3230 1507 3265 autem
1541 3236 1626 3270 res,
1668 3221 1821 3281 quibus
1860 3232 2150 3281 spectatorum
2182 3233 2370 3282 gustatus
2400 3227 2479 3273 bo-
