2774 3741
832 589 930 647 De
986 590 1531 667 Agamemnone
1587 588 2016 666 Aeschyleo,

306 909 471 997 Quum
503 929 663 980 libello,
696 944 781 988 quo
813 930 868 974 de
900 929 1030 974 rebus
1059 929 1113 973 ad
1145 928 1334 973 scholam
1367 929 1672 986 pertinentibus
1702 930 1852 974 referri
1880 930 2012 980 -solet,
2046 932 2251 988 praefandi
2284 934 2337 977 ad
2371 950 2439 980 me
2466 937 2546 982 de-

304 1009 389 1052 lato
422 1020 597 1050 munere
629 1006 876 1064 cogitarem,
915 1019 1040 1064 quam
1074 1005 1334 1063 potissimum
1367 1018 1455 1048 rem
1489 1004 1831 1063 pertractandam
1863 1007 2144 1064 susciperem,
2176 998 2375 1070 Aeschyli
2405 1012 2546 1071 impn’-

306 1084 384 1129 mis
414 1082 480 1126 illa
512 1082 649 1126 arrisit
680 1081 905 1140 tragoedia,
938 1094 1036 1139 quae
1068 1080 1306 1125 inscribitur
1335 1083 1634 1139 Agamemnon.
1699 1082 1758 1124 De
1790 1080 1873 1124 hac
1903 1091 2044 1126 autem
2077 1081 2218 1127 sabula
2240 1086 2272 1128 si
2294 1088 2387 1143 quis
2405 1095 2547 1133 nostro

306 1157 724 1217 temporescribere
755 1171 882 1202 ausus
913 1158 1055 1207 fuerit.
1099 1171 1213 1208 eum,
1254 1171 1336 1201 non
1369 1156 1538 1206 dubito,
1578 1157 1678 1214 quin
1710 1156 1824 1201 multi
1856 1159 1937 1201 sint
1965 1159 2109 1209 futuri,
2152 1162 2222 1218 qui
2255 1160 2367 1207 haud
2399 1163 2548 1210 leniter

307 1243 496 1295 carpant.
557 1234 746 1287 Quorum
780 1235 817 1277 in
852 1248 1027 1278 numero
1069 1234 1159 1279 illos
1201 1233 1418 1292 praecipue
1461 1232 1584 1277 velim
1625 1234 1796 1290 reponi,
1839 1248 1946 1292 quos
1977 1249 2059 1279 non
2092 1236 2211 1294 sugit,
2255 1251 2381 1296 quam
2420 1240 2547 1285 multa

307 1314 386 1359 sint
416 1312 472 1357 de
504 1310 585 1356 hac
616 1325 662 1356 re
694 1309 749 1354 ab
783 1311 1119 1370 ingeniosissimis
1150 1310 1486 1370 doctissimisque
1510 1310 1605 1367 viris
1637 1310 1815 1370 cogitata
1849 1319 1891 1355 et
1922 1311 2158 1371 conscripta
2181 1313 2232 1370 *ju
2294 1314 2405 1369 Quid
2437 1319 2547 1362 enim

307 1390 500 1434 insulsius
532 1388 740 1438 videatur,
772 1402 897 1445 quam
930 1376 1022 1432 acta
1055 1389 1216 1446 agere?
1247 1387 1346 1445 quid
1381 1387 1615 1436 infacetius,
1649 1401 1773 1445 quam
1807 1398 1957 1431 vexata
1976 1402 1998 1430 a
2020 1389 2156 1432 multis
2176 1390 2229 1433 ad
2256 1406 2364 1435 nova
2387 1393 2548 1439 ducere

308 1465 545 1511 tormenta?
576 1465 663 1522 Ego
695 1479 797 1509 vero
829 1480 956 1522 quum
988 1464 1200 1509 scribendi
1224 1477 1424 1520 caperem
1447 1464 1685 1513 consilium,
1716 1464 1904 1508 sciebam
1928 1479 2069 1522 neque
2091 1479 2199 1510 nunc
2221 1468 2388 1525 ignoro,
2422 1485 2547 1515 unum

308 1541 508 1600 idemque
540 1556 664 1599 opuS.
698 1539 812 1598 quod
846 1549 935 1584 arte
968 1540 1200 1598 perfectum
1234 1546 1315 1589 est,
1347 1538 1472 1582 alium
1503 1538 1624 1583 aliter
1654 1553 1774 1597 saepe
1805 1540 1953 1583 mirum
1986 1549 2187 1598 quantum
2221 1557 2397 1589 movere
2420 1556 2548 1606 atque

308 1617 483 1662 afficere
523 1615 580 1660 ob
622 1630 803 1674 eamque
835 1631 924 1660 rem
957 1631 1038 1660 non
1071 1630 1166 1660 raro
1199 1615 1254 1660 de
1285 1615 1353 1658 illo
1385 1614 1596 1659 diversam
1640 1616 1843 1659 exsistere
1885 1616 2128 1674 opinionem
2169 1629 2296 1678 atque
2337 1621 2549 1668 iudicium.

308 1696 458 1753 Neque
489 1693 611 1738 facile
643 1707 738 1737 esse
769 1692 821 1736 ad
855 1692 1187 1751 intelligendum,
1220 1691 1319 1750 quid
1352 1691 1404 1735 sit
1435 1691 1494 1742 id,
1525 1691 1578 1734 ad
1603 1692 1721 1735 cuius
1742 1691 2051 1736 similitudinem
2074 1693 2253 1739 artifices
2274 1706 2408 1742 artem
2429 1713 2547 1743 suam

309 1770 539 1815 direxerint
568 1784 733 1828 suoque
764 1784 898 1827 opere
930 1769 1044 1827 quod
1078 1769 1292 1813 consilium
1325 1781 1538 1825 quamque
1572 1769 1866 1825 cogitationem
1910 1783 2154 1826 expressam
2194 1786 2288 1817 esse
2331 1775 2547 1825 voluerint,

311 1863 335 1892 e
367 1846 574 1906 tragoedia
606 1847 824 1904 proposita
864 1846 962 1890 licet
992 1845 1226 1890 luculenter
1255 1844 1415 1888 videre.
1477 1845 1579 1887 Nam
1612 1846 1635 1887 ii
1669 1845 1763 1902 ipsi,
1806 1846 1875 1903 qui
1907 1846 1996 1890 iure
2029 1847 2343 1905 quodammodo
2386 1852 2549 1909 pulchri

309 1925 489 1975 venusti,
521 1924 610 1966 veri
642 1924 745 1966 recti
776 1921 919 1966 arbitri
952 1922 1180 1973 habentur,
1214 1921 1269 1964 de
1300 1920 1384 1965 hoc
1414 1921 1507 1978 ipso
1539 1935 1673 1978 opere
1705 1931 1787 1963 tam
1820 1920 2010 1965 diversas
2031 1925 2291 1981 protulerunt
2309 1930 2549 1981 sententias,

309 2008 373 2051 ut,
405 2001 473 2045 cui
504 1998 672 2042 tandem
706 2000 960 2049 assentiaris,
1003 2012 1117 2056 aegre
1150 2000 1331 2041 animum
1365 1997 1566 2039 inducere
1601 1999 1746 2054 possis.
1807 1999 1949 2050 Quare
1980 2001 2116 2056 ipsum
2148 2015 2359 2061 quemque
2401 2006 2550 2050 intueri

311 2091 420 2134 opus
450 2074 718 2119 artificiosum
751 2076 927 2133 eiusque
961 2083 1004 2117 ut
1034 2075 1115 2117 vim
1148 2075 1389 2117 interiorem
1424 2074 1652 2130 perspiciat
1683 2087 1859 2130 operam
1891 2074 1994 2118 dare
2028 2076 2177 2120 licebit.
2237 2078 2406 2122 Multum
2439 2083 2549 2125 enim

309 2151 556 2211 temptando
590 2166 734 2194 verum
767 2137 938 2194 inveniri
968 2151 1087 2194 solet.
1121 2175 1176 2182 —-
1208 2150 1292 2192 Cur
1323 2158 1462 2192 autem
1498 2159 1719 2206 tantopere
1752 2150 1950 2193 haeserint
1982 2153 2019 2194 in
2053 2155 2300 2210 quaestione,
2333 2159 2551 2214 quomodo

311 2228 547 2288 Aeschylus
578 2226 633 2270 de
665 2236 911 2286 argumento
942 2241 1018 2270 suo
1051 2227 1317 2286 cogitaverit,
1359 2226 1390 2268 si
1424 2227 1598 2283 quaeris:
1642 2227 1901 2283 aptissimum
1935 2228 2104 2285 quidem
2137 2228 2218 2272 hoc
2250 2231 2385 2286 ipsum
2427 2247 2552 2293 argu-

312 2314 499 2351 mentum
532 2313 595 2349 est
624 2305 677 2347 ad
712 2313 866 2354 metus.
907 2304 1008 2354 odii,
1050 2303 1350 2347 misericordiae
1382 2316 1531 2345 sensus
1564 2304 1826 2353 excitandos,
1868 2306 1944 2347 sed
1979 2307 2158 2348 nondum
2191 2308 2456 2365 exploratum
2488 2321 2553 2357 est

314 2390 358 2425 et
387 2381 522 2440 quaeri
552 2389 742 2438 oportet,
785 2380 1001 2438 quomodo
1033 2379 1201 2422 tandem
1234 2378 1273 2421 hi
1306 2378 1483 2421 affectus
1515 2379 1552 2420 in
1587 2392 1683 2421 eum
1716 2380 1839 2422 animi
1875 2380 2058 2424 habitum
2090 2392 2224 2425 semet
2254 2384 2346 2440 ipso
2379 2396 2552 2431 conten-

313 2466 399 2499 tum
442 2462 569 2516 atque
610 2471 761 2515 purum
807 2455 1104 2502 dissolvantur,
1147 2469 1272 2513 quem
1305 2454 1566 2502 Aristoteles,
1610 2469 1694 2512 quo
1727 2470 1808 2496 non
1849 2456 2065 2499 meliorem
2105 2458 2296 2514 profecto
2334 2471 2552 2506 auctorem

312 2534 498 2592 artisque
541 2532 721 2578 iudicem
764 2532 1009 2591 quaerimus,
1060 2530 1268 2587 κάθαρσιν
1309 2539 1431 2574 vocat
1473 2543 1656 2588 eamque
1700 2532 1920 2590 tragoediae
1963 2535 2078 2591 quasi
2119 2534 2332 2579 cardinem
2375 2552 2469 2583 esse
2511 2548 2555 2584 et

312 2622 519 2653 summam
551 2610 783 2667 profitetur.
844 2610 979 2660 Quam
1012 2609 1286 2666 quaestionem
1329 2621 1425 2648 num
1469 2607 1667 2664 equidem
1699 2610 1906 2651 sustinere
1949 2611 2118 2666 possim,
2162 2624 2213 2654 ne
2246 2620 2330 2656 tum
2369 2616 2555 2672 quidem,

313 2686 347 2728 si
378 2686 550 2735 scirem,
582 2686 701 2728 fateri
733 2699 925 2728 conarer.
986 2685 1081 2727 Utut
1111 2698 1179 2727 res
1209 2698 1255 2726 se
1288 2683 1434 2732 habet,
1480 2691 1637 2725 tantum
1671 2684 1813 2733 abest,
1854 2693 1914 2734 ut,
1958 2700 2052 2743 quae
2084 2686 2227 2730 litteris
2259 2689 2471 2741 mandavi,
2503 2706 2555 2736 ea

385 2887 416 2929 *)
456 2886 579 2929 Relego
605 2887 772 2918 lectorem
800 2886 842 2918 ad
870 2885 1024 2917 libellum
1053 2885 1164 2916 minus
1189 2882 1329 2927 quidem
1356 2889 1499 2923 notum,
1533 2883 1628 2926 quod
1655 2884 1782 2924 sciam,
1817 2885 1877 2917 scd
1904 2886 1961 2929 qui
1993 2886 2112 2918 iterum
2140 2893 2245 2930 atque
2271 2889 2397 2922 iterum
2425 2893 2559 2936 legatur

454 2951 507 2983 vel
533 2951 678 2984 maxime
704 2950 869 2993 dignum,
897 2950 992 2995 illum
1019 2949 1119 2985 dico.
1147 2959 1249 2991 quem
1275 2947 1413 2991 scripsit
1439 2947 1476 2980 F.
1506 2947 1536 2979 J.
1564 2947 1713 2981 Scherer
1740 2949 1783 2981 de
1808 2948 2014 2982 Graecorum
2032 2951 2177 2985 ΛΤΗΣ
2197 2953 2342 2987 notione
2369 2962 2404 2988 et
2428 2958 2556 2992 indole.

455 3015 604 3050 Monast.
631 3016 734 3050 1858.
783 3016 833 3057 1⁸,
860 3024 940 3060 quae
965 3014 1068 3046 fuerit
1093 3014 1299 3047 Graecorum
1325 3013 1410 3058 ἄτης
1436 3013 1532 3044 notio
1557 3019 1591 3044 et
1616 3013 1771 3055 indoles,
1811 3019 1878 3045 tam
1906 3015 2039 3058 egregie
2064 3016 2281 3060 explanavit,
2316 3025 2352 3052 ut
2380 3022 2432 3055 vix
2456 3023 2558 3067 quid.

454 3091 558 3124 quam
585 3081 705 3112 melius
731 3081 775 3112 de
802 3081 866 3111 bac
891 3090 928 3111 re
951 3080 1019 3111 dici
1046 3079 1165 3122 pouit.
1215 3078 1308 3110 Idem
1336 3078 1370 3108 in
1396 3077 1519 3110 eodem
1548 3078 1638 3110 libro
1659 3078 1704 3110 de
1729 3080 1880 3111 Orestiae
1905 3081 1934 3109 vi
1961 3081 2125 3112 interiore
2159 3082 2339 3125 ingeniose
2373 3086 2560 3131 disputavit

456 3150 490 3176 et
514 3153 621 3187 opera
647 3146 799 3176 virorum
827 3146 1034 3183 docturum,
1070 3145 1128 3186 qui
1157 3143 1373 3175 illustrandae
1398 3141 1478 3175 huic
1504 3143 1634 3175 fabutae
1655 3153 1796 3185 operam
1824 3144 2013 3183 dederunt,
2045 3145 2211 3179 laudavit.
2261 3149 2390 3181 Eadem
2415 3157 2451 3183 et
2475 3153 2559 3184 uit-i

456 3209 627 3252 inspicere
651 3209 758 3241 licuit.
785 3226 831 3233 —-

2002 3275 2065 3317 Α*
