2774 3741
1278 80 1289 91 '
1340 93 1367 135 7

231 249 410 291 constat,
443 247 490 284 ut
518 249 689 283 causam
720 235 986 280 sacrificandi
1025 235 1307 292 comperiant,
1347 234 1402 276 ad
1434 233 1633 290 palatium
1664 247 1712 277 se
1744 235 1977 277 conserunt.
2039 233 2202 287 Quibus
2232 237 2270 277 in
2302 249 2485 279 scenam

231 316 467 379 progressis
498 313 766 374 Coryphaeus
805 312 1020 355 decimum
1062 311 1143 354 iam
1184 323 1339 353 annum
1371 323 1467 353 esse
1498 309 1620 359 dicit,
1663 323 1716 353 ex
1747 323 1833 366 quo
1865 310 2042 361 Atridae,
2087 324 2112 352 a
2144 313 2242 354 love
2283 312 2485 369 hospitalia-

231 395 359 443 missi,
392 399 437 434 ut
465 389 748 433 Alexandrum
781 403 858 446 pro
890 387 1037 430 iniuria
1068 395 1248 444 accepta
1280 386 1603 435 ulciscerentur,
1635 385 1947 441 expeditionem
1975 396 2124 431 contra
2146 387 2310 430 Troiam
2332 402 2477 432 susce-

232 470 381 528 perint.
442 467 662 523 Utcunque
706 478 776 506 res
815 477 863 506 se
905 463 1081 512 habeat,
1123 463 1360 519 perfectum
1393 463 1462 511 iri,
1504 462 1561 503 uti
1604 461 1856 503 destinatum
1898 464 1966 514 sit;
2008 477 2149 521 neque
2191 464 2301 506 enim
2340 464 2479 507 scelus

232 542 363 589 semel
396 548 606 598 patratum
639 540 811 582 inultum
854 552 949 582 esse
992 552 1133 596 neque
1176 538 1258 580 ullo
1302 538 1469 595 piaculo
1511 538 1671 594 placari
1706 551 1836 594 posse
1868 551 1904 578 v,
1937 540 2140 582 40—83.
2210 540 2312 581 Haec
2354 538 2478 582 Chori

231 611 440 663 'sententia
489 617 732 675 gravissima
773 626 854 663 est,
906 629 1004 672 quae
1043 622 1282 658 ceterarum
1323 614 1443 670 quasi
1482 613 1676 656 familiam
1716 613 1833 656 ducit
1870 622 1913 656 et
1955 628 2032 671 per
2073 624 2202 658 totam
2244 616 2356 659 valet
2397 625 2481 658 tra-

230 696 431 754 goediam.
456 718 514 725 —
770 694 774 701 “

347 770 687 830 Clytaemnestra,
729 783 752 811 a
785 767 918 811 choro
960 768 1233 825 interrogata,
1275 780 1352 810 cur
1381 765 1586 810 sacrificia
1626 774 1818 825 peragat,
1861 766 1958 810 nihil
1992 767 2236 825 respondet.
2298 768 2477 812 Dubium

231 864 313 893 non
347 854 425 897 est,
458 847 557 906 quin
591 855 690 889 nutu
722 844 944 905 significet,
975 858 1022 888 se
1054 844 1164 888 nolle
1197 844 1468 902 interpellari.
1501 868 1555 875 -—

347 925 513 967 Interea
545 923 701 967 chorus
732 937 755 964 a
789 937 912 965 versu
948 921 1029 964 406
1061 922 1225 965 cantico
1265 921 1391 978 longo
1430 922 1573 963 inserit
1613 920 1863 970 embolium,
1906 936 1992 979 quo
2023 922 2079 965 de
2110 922 2276 966 duabus
2318 924 2478 981 aquilis,

230 1001 382 1044 Atridis
420 1000 594 1046 oblatis.
635 999 689 1042 de
731 998 968 1041 Calchantis
1010 999 1223 1045 vaticinio,
1274 997 1329 1039 de
1368 997 1596 1054 iphigeniae
1638 998 1920 1041 immolatione
1962 998 2267 1042 confabulatur.
2327 1000 2480 1043 Atridis

233 1077 343 1122 enim
377 1085 474 1120 ante
508 1074 822 1132 expeditionem
855 1068 1096 1131 susceptam
1129 1087 1211 1116 non
1246 1072 1393 1130 procul
1426 1086 1451 1115 a
1484 1071 1637 1130 palatio
1669 1086 1692 1116 a
1725 1072 1901 1117 dextera
1933 1073 2031 1117 duae
2053 1075 2479 1134 apparuerantaqui·

232 1155 306 1203 lae,
338 1152 554 1210 gravidam
588 1166 683 1195 cum
715 1152 805 1208 ipsa
839 1151 957 1207 prole
989 1150 1267 1193 comedentes
1297 1149 1504 1205 leporem.
1565 1149 1741 1192 Calchas
1774 1159 1912 1198 vates,
1956 1152 2092 1193 statim
2125 1153 2289 1195 Atridas
2321 1153 2479 1209 leporis

230 1229 511 1272 devoratores
551 1241 834 1284 cognoscens,
876 1226 1026 1268 Priami
1058 1224 1228 1282 quidem
1262 1224 1411 1268 urbem
1444 1234 1614 1281 captum
1654 1240 1889 1283 omnesque
1921 1228 2011 1270 eius
2044 1243 2149 1284 opes
2187 1231 2397 1285 ‹la-eptum
2431 1230 2478 1272 iri

231 1306 477 1349 vaticinatus
507 1313 619 1351 erat,
650 1303 769 1346 simul
801 1310 942 1344 autem
976 1302 1166 1344 timorem
1197 1300 1486 1358 spectantibus
1517 1302 1765 1351 incusserat,
1807 1318 1858 1345 ne
1892 1317 1974 1360 qua
2008 1303 2238 1351 calamitas.
2282 1306 2479 1349 divinitus

231 1384 377 1431 missa,
421 1382 667 1423 Graecorum
706 1380 937 1421 exercitum
977 1379 1188 1420 retineret.
1249 1377 1408 1419 Almam
1449 1380 1558 1420 enim
1600 1380 1793 1427 Dianam,
1835 1394 1934 1435 quae
1976 1381 2140 1423 faveret
2179 1383 2326 1425 catulis
2366 1384 2477 1430 feris.

231 1458 379 1516 aquilis
410 1457 485 1499 illis
517 1457 639 1500 irasci
671 1455 988 1511 timendumque
1020 1454 1141 1511 igitur
1173 1468 1286 1502 esse,
1326 1469 1378 1497 ne
1410 1468 1508 1511 quae
1543 1456 1693 1498 Danais
1724 1455 1925 1498 adversae
1958 1458 2177 1514 navigandi
2209 1458 2478 1503 difficultates

233 1538 495 1578 mitterentur
536 1542 578 1577 et
618 1548 694 1590 pro
736 1532 939 1575 devorata
985 1531 1131 1588 lepore
1173 1530 1513 1587 expostularetur
1552 1531 1661 1575 aliud
1705 1532 1921 1590 quoddam
1965 1534 2183 1577 infaustum
2224 1534 2475 1580 sacrificium

236 1612 440 1656 «νεικέων
468 1610 627 1653 τέκτων
655 1606 917 1663 ὀλεσή-υωρ.»
955 1633 1008 1639 ——
2485 1666 2488 1669 .

350 1689 480 1731 Diana
512 1687 634 1744 igitur
664 1684 948 1728 succensebat
978 1683 1146 1731 Atridis,
1180 1698 1261 1726 non
1293 1699 1377 1741 quo
1409 1685 1565 1741 suscipi
1598 1685 1913 1741 expeditionem
1939 1687 2086 1736 nollet,
2113 1713 2164 1718 —
2186 1688 2343 1732 bellum
2365 1693 2476 1734 enim

229 1764 468 1808 Alexandro
501 1762 763 1805 inferendum
796 1762 945 1803 iustum
978 1769 1068 1803 erat
1099 1785 1154 1791 —
1185 1759 1261 1802 sed
1295 1761 1392 1817 quia
1433 1760 1585 1804 oderat
1621 1761 1854 1817 aquilarum
1897 1763 2058 1818 epulas.
2118 1765 2198 1806 Cur
2239 1766 2396 1814 oderit,
2442 1769 2474 1811 si

231 1828 407 1898 quaeris:
447 1838 678 1895 respondet
710 1851 856 1894 praeco
888 1837 974 1883 ille,
1017 1850 1143 1892 quem
1176 1839 1462 1892 Agamemnon
1506 1837 1733 1892 praemittit,
1778 1847 1821 1879 ut
1852 1853 1898 1880 sc
1929 1838 2204 1881 adventurum
2245 1844 2477 1887 renunciet.

231 1919 268 1960 ls
308 1918 346 1959 in
386 1929 557 1959 scenam
602 1928 872 1972 progressus:
924 1910 1179 1966 «σπέρμα»,
1223 1912 1369 1970 iuquit,
1417 1910 1586 1968 «πάσης
1624 1901 1903 1965 ἐξαπόλλυται
1941 1913 2142 1969 χθονός.»
2189 1917 2261 1960 css·
2305 1933 2340 1961 v.
2378 1920 2476 1963 525·

229 1992 489 2037 Praeviderat
526 1991 646 2048 igitur
678 1990 780 2039 dea,
822 1988 936 2046 quod
970 1997 1116 2045 postea
1149 1989 1303 2032 sactum
1337 1997 1412 2032 est.
1473 1988 1708 2032 Atridarum
1751 1998 1864 2033 tanta
1897 1999 1961 2034 est
1991 1991 2234 2043 crudelitas,
2278 2003 2318 2036 ut
2352 1998 2476 2040 totius

228 2078 357 2113 terrae
389 2069 563 2111 troiana:
594 2081 739 2110 semen
773 2066 1021 2109 exstinctum
1055 2073 1096 2107 et
1128 2079 1180 2107 ne
1213 2065 1415 2129 matribus
1446 2066 1617 2123 quidem
1651 2080 1884 2124 earumque
1922 2068 2143 2112 infantibus
2174 2074 2379 2126 parcitum
2411 2075 2475 2116 sit.

230 2147 338 2199 Quae
371 2160 440 2188 res
474 2146 553 2186 iam
585 2152 682 2185 aute
716 2141 871 2184 bellum
905 2142 1145 2184 confectum
1177 2140 1272 2183 deae
1305 2143 1496 2200 genitalis
1526 2143 1698 2185 suscitat
1731 2144 1847 2185 iram.
1878 2168 1935 2174 -—

347 2221 471 2274 Quod
503 2228 644 2262 autem
675 2220 820 2260 attinet
849 2218 902 2259 ad
937 2217 1069 2260 verba
1110 2217 1316 2260 «νεικέων
1345 2218 1505 2260 τέκτων
1525 2216 1802 2273 ὀλεσήνωρ»,
1836 2221 1993 2277 cogitat
2029 2231 2142 2264 vates
2169 2222 2224 2265 de
2247 2224 2475 2283 lphigeniae

218 2298 536 2346 immolatione,
568 2310 620 2339 ex
652 2309 734 2354 qua
769 2308 875 2336 nova
910 2295 1091 2335 rixarum
1124 2308 1269 2344 causa,
1305 2297 1435 2336 virum
1469 2309 1643 2343 necanS,
1677 2297 1885 2338 nascitura
1917 2298 1980 2340 sit.
2029 2316 2044 2335 ι(
2063 2300 2193 2340 Manet
2217 2302 2326 2342 enim
2349 2303 2476 2344 redu·

230 2389 323 2420 cem
367 2373 595 2418 metuenda
637 2372 789 2416 domus
831 2379 972 2414 custos
1012 2371 1161 2415 dolosa
1204 2372 1601 2431 (Clytaemnestra).
1646 2372 1742 2416 fitiae
1787 2374 2009 2417 vindictam
2043 2384 2288 2419 exactura.»
2334 2379 2408 2422 cfr.
2440 2395 2476 2422 v.

231 2450 493 2495 ›tw—1155.
525 2474 579 2480 —

347 2528 613 2583 Quamquam
646 2524 801 2568 chorus
833 2523 1071 2566 Calchantis
1103 2524 1245 2566 verbis
1278 2523 1664 2583 Clytaemnestram,
1696 2524 1792 2567 fitiae
1823 2539 1972 2569 necem
2006 2527 2324 2576 vindicaturam,
2358 2532 2477 2573 intel-

227 2604 380 2648 lectam
414 2617 509 2646 esse
541 2615 623 2645 non
655 2594 969 2649 animadvertit,
1009 2608 1150 2641 tamen
1183 2599 1463 2642 calamitatem
1495 2601 1709 2658 quandam
1754 2602 1969 2645 imminere
2012 2604 2148 2645 animo
2191 2607 2388 2663 praesagit
2420 2608 2477 2650 ob

229 2693 411 2738 eamque
444 2691 534 2721 rem
566 2690 701 2736 usque
732 2676 784 2718 ad
819 2676 974 2718 exitum
1008 2676 1228 2734 tragoediae
1263 2685 1376 2719 metu
1410 2678 1607 2735 impletus
1638 2687 1714 2721 est.
1746 2702 1802 2707 ——

348 2756 454 2808 Quae
486 2762 604 2797 vates
636 2752 912 2810 praedixerat,
955 2751 1214 2795 acciderunt.
1277 2754 1492 2796 Exercitus
1523 2756 1771 2797 Graecorum
1804 2755 1949 2798 Aulide
1988 2756 2163 2798 malacia
2204 2758 2478 2803 retinebatur.

229 2832 407 2876 Calchas
440 2832 583 2874 Dianae
616 2831 717 2872 iram
751 2843 832 2870 non
867 2828 1023 2885 placari
1057 2828 1129 2870 nisi
1163 2828 1391 2886 lphigeniae
1424 2830 1707 2873 immolatione
1739 2831 1852 2873 dixit.
1903 2832 2002 2873 Tum
2037 2814 2137 2874 vero
2169 2836 2478 2891 Agamemnon:

234 2908 474 2954 «Gravis».
515 2907 664 2964 inquit,
712 2905 963 2948 «calamitas
1004 2913 1068 2947 est
1109 2918 1190 2946 non
1233 2917 1410 2961 parere;
1451 2908 1590 2964 gravis
1631 2920 1754 2956 vero,
1791 2907 1937 2956 tiliam,
1977 2908 2127 2950 domus
2170 2920 2480 2964 ornamentum,

229 2992 429 3027 mactare.
489 2985 522 3025 A
552 2982 676 3026 sociis
706 2989 848 3024 autem
880 2980 1082 3025 deficiens
1113 2980 1265 3023 fiamne
1297 2981 1443 3025 classis
1473 2982 1733 3026 desertor?»
1769 2984 1843 3026 cfr.
1875 2998 1911 3025 v.
1943 2984 2186 3028 205-2tt.
2243 2987 2305 3030 Ne
2338 2989 2480 3033 multa.

227 3058 444 3118 iphigenia
484 3057 733 3102 immolatur.
791 3058 986 3116 luppiter
1015 3058 1376 3115 Agamemnonem
1419 3072 1502 3124 non
1534 3058 1669 3102 solum
1701 3058 1899 3118 prodigiis
1929 3067 1971 3102 et
2003 3060 2129 3103 maris
2171 3063 2481 3122 tranquillitate,

228 3149 374 3180 verum
408 3135 533 3179 etiam
567 3133 869 3192 postulatione,
911 3146 994 3192 qua
1025 3132 1149 3176 filiam
1180 3132 1300 3176 ducis
1332 3134 1536 3178 immolari
1570 3135 1717 3186 voluit,
1761 3136 1859 3178 satis
1889 3149 2105 3194 superque
2151 3150 2392 3193 monuerat,
2438 3151 2483 3185 ut

228 3211 343 3257 bello
373 3212 560 3256 Troianis
591 3210 1077 3256 inferendo.absisteret
1112 3210 1266 3268 aliique
1308 3210 1544 3269 gerendum
1587 3212 1854 3270 relinqueret.
1915 3218 1963 3254 At
1994 3212 2061 3256 ille
2095 3213 2233 3260 hocce
2278 3219 2479 3263 monitum
