2774 3741
1337 91 1389 131 ⁴7

236 236 373 277 aleam
413 235 486 275 dat
524 233 769 288 sanguinem
817 240 859 273 et
889 245 942 272 ne
973 231 1068 272 filiae
1109 231 1280 287 quidem
1325 232 1449 271 vitam
1492 231 1596 271 dare
1638 240 1825 279 recusat,
1871 240 1934 276 ut.
1978 231 2093 287 quod
2136 230 2212 272 sibi
2252 233 2485 289 proposuit,

235 318 498 368 assequatur.
561 308 653 363 Qua
696 308 734 348 in
768 321 814 348 re
846 316 1001 364 quanta
1047 307 1170 348 fuerit
1211 307 1334 355 animi
1377 306 1527 348 duritie
1559 315 1602 348 et
1632 306 1902 354 crudelitate,
1945 320 1969 348 e
2002 305 2196 348 versibus
2232 308 2482 349 230—245

237 387 369 428 videri
402 386 511 427 licet.
571 386 672 426 Nam
706 397 860 439 preces
891 384 1106 439 patrisque
1139 384 1427 425 invocationes
1469 382 1562 425 fitiae
1605 382 1716 424 nihili
1756 382 1855 424 facit
1896 382 1993 425 belli
2036 383 2217 437 cupidus
2246 398 2341 431 rex,
2384 385 2483 440 quin

237 464 327 520 ipse
366 474 502 518 popas
542 459 685 509 filiam,
730 458 916 501 vestibus
957 458 1204 507 involutam,
1246 459 1357 500 omni
1392 458 1428 499 vi
1472 471 1647 515 pronam
1687 456 1880 501 attollere
1919 459 2089 516 orisque
2129 458 2292 516 pulchri
2334 473 2482 501 vocem

236 539 440 583 cohibere
472 538 602 580 iubet.
662 535 802 583 Adde.
845 535 958 592 quod
1002 536 1126 577 totius
1169 545 1294 578 terrae
1325 535 1499 576 troianae
1539 548 1686 576 semen
1730 535 1978 576 exstinctum
2025 535 2202 577 voluerit
2243 545 2286 578 et
2317 549 2370 577 ne
2402 536 2484 578 aris

236 616 406 675 quidem
448 614 625 658 deorum
669 613 920 671 templisque
960 614 1211 669 pepercerit.
1274 611 1382 665 Quid
1421 611 1592 654 tandem
1626 611 1680 654 de
1714 612 1882 654 incestis
1928 613 2017 655 eius
2058 612 2271 656 amoribus
2312 613 2485 656 dicam?

237 694 297 735 Ne
328 692 468 734 multa.
530 690 850 747 Agamemnonis
891 688 1014 745 culpa
1053 690 1296 745 gravissima
1329 696 1393 730 est
1425 701 1503 729 nec
1536 695 1675 750 pot-est
1707 701 1880 729 manere
1924 688 2062 730 inulta.
2122 689 2217 730 Eius
2259 690 2483 732 vindictam

238 770 397 825 expetit
428 768 762 826 Clytaemnestra.
825 767 923 807 Haec
968 766 1047 805 iam
1089 775 1264 821 propter
1303 763 1428 806 filiam
1473 764 1724 805 immolatam
1758 763 1857 805 odio
1889 777 1911 804 a
1946 766 2093 806 marito
2135 764 2377 807 dissidebat.
2438 764 2482 807 td

239 859 319 887 non
339 843 497 885 latebat
511 842 765 898 Aegisthum.
798 843 835 882 ls
851 842 972 897 igitur
988 854 1117 897 quum
1137 841 1355 882 lentiorem
1375 841 1511 881 Troia²
1531 840 1645 881 urbis
1662 841 2020 896 oppugnationem
2039 854 2133 882 esse
2159 855 2240 881 non
2262 843 2485 897 ignoraret,

239 930 301 968 ut,
334 933 417 977 qna
450 917 758 963 stimulabatur.
793 916 993 973 regnandi
1027 916 1298 972 cupiditatem
1331 924 1561 961 saturaret,
1593 916 1759 959 timidus
1790 916 1982 973 quidem,
2027 916 2102 958 sed
2137 924 2372 965 veterator,
2404 929 2484 960 nec

239 1000 428 1055 ignarus,
462 994 682 1037 blanditias
714 993 892 1034 maxime
924 991 976 1034 ad
1010 991 1216 1035 muliebre
1248 993 1458 1050 ingenium
1506 990 1703 1035 efficaces
1735 1006 1888 1048 preces
1920 1007 2034 1041 esse,
2077 993 2115 1034 in
2149 993 2485 1052 Clytaemnestrae

240 1072 558 1116 familiaritatem
590 1084 636 1112 se
669 1068 914 1111 insinuabat.
975 1069 1082 1119 Quae
1114 1069 1189 1110 etsi
1223 1067 1277 1110 ab
1311 1068 1424 1110 initio
1455 1082 1661 1124 generosa
1696 1076 1738 1109 etv
1768 1076 1880 1110 casta
1916 1077 2023 1117 erat,
2070 1078 2209 1110 tamen
2244 1078 2485 1125 temperare

240 1148 317 1192 sibi
356 1147 525 1190 tandem
568 1160 649 1188 non
699 1145 847 1201 potuit,
898 1145 994 1201 quin
1046 1144 1312 1186 clandestinis
1355 1144 1507 1200 nuptiis
1548 1156 1642 1185 cum
1686 1153 1855 1185 versuto
1898 1144 2066 1186 homine
2107 1158 2153 1186 se
2197 1146 2485 1203 coniungeret.

241 1226 350 1269 Ecce
383 1224 556 1267 alteram
590 1222 809 1270 Helenam,
851 1221 984 1277 gentis
1014 1235 1103 1264 suae
1135 1221 1323 1264 Alastore
1366 1220 1613 1276 pellectam!
1659 1220 1807 1263 Verum
1849 1221 2020 1277 quidem
2053 1230 2134 1268 est.
2179 1223 2362 1264 animum
2394 1222 2486 1264 eius

242 1309 475 1343 maternum
508 1299 597 1341 dira
631 1298 695 1340 illa
729 1296 823 1340 filiae
857 1296 1136 1340 immolatione
1169 1297 1413 1354 gravissime
1445 1295 1644 1339 afflictum
1677 1296 1821 1346 suisse;
1864 1296 1939 1340 sed
1972 1312 2182 1354 nunqnam
2215 1296 2484 1348 crediderim,

241 1378 382 1420 odium
416 1378 505 1419 eius
537 1390 589 1417 eo
623 1388 756 1432 usque
790 1373 934 1430 fastigii
969 1382 1267 1429 perventurum
1302 1374 1448 1421 fuisse,
1483 1374 1556 1415 nisi
1590 1388 1667 1430 per
1698 1372 1936 1431 Aegisthum
1971 1374 2009 1415 in
2031 1375 2161 1430 stupri
2183 1373 2483 1431 turpitudinem

241 1454 493 1498 incurrisset.
554 1451 655 1494 lnde
687 1458 826 1493 autem
860 1464 994 1507 usque
1026 1450 1079 1492 al)
1115 1450 1194 1492 hac
1227 1450 1392 1492 infamia
1424 1449 1503 1491 alia
1536 1449 1658 1492 aliam
1702 1450 1856 1506 excipit
1886 1444 2003 1504 ἄτην.
2064 1451 2261 1507 Sequitur
2303 1451 2484 1507 capitale

244 1531 385 1573 odium
430 1529 584 1577 mat·iti;
625 1527 814 1583 sequitur
855 1525 1081 1568 ulciscendi
1114 1540 1226 1568 saeva
1261 1525 1439 1581 cupido;
1489 1527 1678 1582 sequitur
1720 1525 1889 1568 tandem
1933 1527 2157 1568 taeterrima
2199 1527 2356 1570 caedes.
2417 1527 2486 1570 Sic

246 1608 367 1664 igitur
398 1614 440 1647 et
471 1604 791 1663 Clytaemnestra
823 1603 1106 1660 gravissimam
1140 1601 1306 1658 culpam
1341 1604 1379 1643 in
1412 1617 1459 1643 se
1491 1602 1675 1648 admisit,
1716 1585 1815 1659 quae
1858 1601 1983 1643 inulta
2017 1616 2186 1645 manere
2221 1619 2302 1644 non
2336 1611 2488 1659 potest.

361 1681 572 1732 Quaeritur
603 1686 760 1728 autent,
803 1687 938 1719 utrum
972 1679 1312 1735 Agamemnonis,
1358 1691 1409 1719 an
1443 1678 1780 1736 Clytaemnestrae
1824 1678 1947 1735 culpa
1980 1680 2029 1719 sit
2062 1681 2203 1721 maior.
2266 1680 2487 1736 Proprium

245 1767 307 1802 est
339 1756 578 1814 impotentis
609 1756 750 1803 animi,
783 1762 826 1796 ut
856 1752 1053 1809 flagitium
1087 1753 1263 1797 honesta
1298 1755 1618 1811 praescriptione
1651 1763 1776 1812 tegat.
1838 1755 2022 1812 Uterque
2065 1770 2209 1798 eorum
2245 1755 2356 1798 bona
2390 1755 2486 1807 fide,

246 1844 287 1877 ut
320 1832 437 1877 aiunt
464 1833 561 1875 iuris
592 1830 786 1879 consulti,
818 1844 946 1888 agere
978 1830 1054 1872 sibi
1089 1830 1293 1873 videntur.
1355 1836 1640 1888 Agamemnon
1674 1830 1852 1877 bellum.
1885 1831 1998 1887 quod
2032 1832 2238 1888 suscepit,
2272 1834 2423 1876 iustum
2445 1841 2489 1876 et

245 1909 529 1953 necessarium
570 1906 711 1950 habet.
772 1906 1060 1957 Quamobrem
1104 1907 1136 1949 si
1176 1907 1335 1964 regium
1368 1905 1550 1949 officiunt
1591 1907 1852 1963 exsequitur,
1893 1908 2089 1963 quoniam
2134 1907 2325 1963 proditor
2366 1923 2488 1952 exer-

245 1987 350 2031 citus
381 1985 469 2027 fieri
503 1999 584 2027 non
615 1983 765 2033 debet,
800 1991 917 2025 recte
949 1983 1054 2040 agit;
1087 1983 1119 2024 si
1153 1996 1253 2025 vcro
1287 1979 1541 2024 immolando
1575 1982 1697 2025 filiam
1732 1983 1920 2025 naturale
1951 1984 2115 2040 pietatis
2148 1984 2357 2027 vinculum
2390 1985 2487 2027 diri-

246 2064 336 2109 mit,
369 2076 449 2103 non
484 2068 599 2102 recte
632 2060 733 2115 agit,
776 2059 859 2100 imo
893 2060 1084 2099 maxima»,
1117 2059 1255 2114 culpae
1287 2072 1385 2100 reus
1416 2068 1491 2100 est.
1553 2063 1637 2115 Age
1672 2061 1819 2114 porro!
1872 2059 2191 2117 Clytaemnestra
2226 2062 2257 2101 si
2292 2061 2490 2103 naturalis

247 2138 412 2196 pietatis
444 2137 505 2179 ius
536 2136 685 2182 sancit.
730 2142 846 2177 recte
876 2134 980 2191 agit;
1023 2134 1209 2192 reginam
1251 2147 1352 2177 vero
1396 2122 1525 2191 ipsam
1564 2134 1684 2177 civile
1717 2143 1759 2178 et
1791 2135 1949 2192 regium
1995 2136 2055 2178 ius
2094 2135 2363 2187 subvertere,
2407 2151 2488 2181 non

248 2223 312 2257 est
343 2215 505 2256 iustum.
566 2212 607 2254 Si
640 2212 760 2270 igitur
792 2224 934 2268 regem
969 2210 1168 2260 trucidat,
1202 2225 1282 2253 non
1316 2219 1432 2254 recte
1465 2211 1568 2269 agit,
1608 2211 1689 2253 imo
1722 2212 1916 2254 maximae
1949 2213 2086 2270 culpae
2120 2227 2191 2256 rea
2225 2222 2301 2256 est.
2366 2214 2490 2257 Deni-

248 2306 332 2349 que
364 2293 396 2332 si
430 2305 503 2332 rex
536 2304 630 2332 cuin
664 2289 743 2330 filia
778 2289 887 2345 regis
918 2288 1188 2341 (Cassandra)
1222 2298 1263 2330 et
1295 2290 1437 2346 regina
1470 2303 1563 2330 cum
1598 2287 1679 2330 filio
1712 2274 1823 2345 regis
1853 2290 2087 2347 (Aegistho)
2119 2292 2320 2333 incestam
2361 2291 2489 2335 habet

248 2366 612 2415 consuetudinem,
655 2373 833 2422 uterque
876 2378 1022 2406 eorum
1066 2378 1211 2421 parem
1253 2367 1291 2407 in
1335 2379 1381 2407 se
1424 2365 1591 2422 culpam
1635 2367 1852 2408 contraxit.
1924 2369 2246 2424 Agamemnonis
2285 2369 2405 2426 igitur
2445 2376 2487 2410 et

247 2445 581 2504 Clyt-aemnestrae
614 2455 755 2485 causae
788 2442 956 2483 omnino
988 2453 1115 2497 pares
1145 2450 1261 2485 sunt.
1312 2441 1421 2492 Quid
1454 2442 1674 2499 sequitur?
1716 2442 1893 2485 Easdem
1926 2443 2073 2486 iisdem
2106 2443 2343 2487 hominibus
2374 2443 2487 2502 flagi-

247 2521 363 2563 tiosis
403 2532 553 2575 poenas
594 2532 688 2560 esse
734 2516 920 2558 luendas.
982 2517 1065 2557 lam
1099 2517 1220 2574 igitur
1249 2531 1377 2574 quum
1410 2520 1694 2573 Agamemnon
1726 2518 1911 2567 occidat,
1954 2520 2051 2575 quia
2092 2520 2279 2562 naturale
2321 2521 2485 2576 pietatis

249 2597 312 2639 ius
343 2594 571 2639 crudeliter
602 2593 770 2636 violavit
800 2605 1076 2649 amoremque
1109 2591 1373 2650 coniugalem
1405 2591 1518 2634 nihili
1551 2592 1666 2641 fecit,
1699 2594 1824 2636 etiam
1855 2593 2208 2653 Clytaemnestrae,
2240 2596 2335 2651 quia
2367 2594 2486 2638 civile

251 2680 294 2716 et
323 2672 483 2732 regium
516 2670 578 2714 ius
609 2668 838 2714 crudeliter
867 2667 1072 2712 subvertit
1103 2682 1242 2726 neque
1275 2670 1365 2725 ipsa
1398 2668 1569 2725 quidem
1602 2670 1770 2713 incestis
1800 2671 2018 2715 amoribus
2048 2670 2262 2719 abstinuit,
2307 2671 2488 2715 morien-

251 2748 350 2791 dum
384 2748 473 2790 erit.
534 2747 640 2798 Quae
671 2746 746 2788 nisi
779 2744 970 2792 moritur.
1012 2743 1159 2787 salsum
1198 2752 1261 2787 est
1301 2744 1421 2793 illud.
1463 2745 1578 2801 quod
1621 2744 1828 2801 praedicat
1868 2750 2016 2803 poeta,
2059 2761 2133 2802 par
2171 2747 2258 2802 pari
2300 2747 2490 2791 reseren-

251 2824 350 2867 dum
385 2837 492 2866 esse.

370 2901 425 2942 Ex
457 2896 799 2956 praecedentibus
830 2906 970 2940 autem
1003 2897 1266 2940 manifestum
1300 2905 1382 2945 est,
1422 2899 1782 2955 Agamemnonem
1823 2913 1904 2941 non
1935 2898 2067 2941 solum
2099 2912 2206 2947 suae,
2247 2898 2327 2942 sed
2365 2902 2491 2944 etiam

255 2978 385 3036 patris
413 2976 477 3019 sui
508 2974 646 3032 culpae
678 2988 850 3031 poenam
882 2974 987 3017 dare
1018 2973 1193 3017 debere.
1253 2973 1383 3016 Huius
1413 2974 1552 3030 culpae
1586 2974 1809 3019 vindictam
1853 2990 1934 3018 non
1968 2975 2128 3030 expetit
2157 2974 2495 3034 Clytaemnestra,

254 3055 332 3099 sed
374 3051 606 3111 Aegisthus.
675 3052 750 3095 Hic
791 3066 876 3109 quo
917 3051 1107 3094 Alastore
1150 3050 1351 3107 impulsus
1391 3050 1757 3111 Clytaemuestram
1804 3051 2055 3108 corruperit,
2100 3066 2230 3109 supra
2272 3056 2495 3113 explicavi.

254 3130 471 3190 Regnandi
513 3129 693 3187 cupidus
731 3128 858 3170 homo
898 3137 979 3178 est,
1022 3127 1188 3169 timidus
1227 3126 1422 3185 quidem,
1460 3127 1538 3171 sed
1581 3138 1783 3171 versutus.
1851 3128 1981 3170 Suum
2025 3127 2197 3185 quidem
2241 3131 2401 3177 facinus
2438 3135 2495 3178 ad

255 3209 379 3256 deos,
407 3207 621 3250 hominum
653 3205 806 3248 delicta
838 3205 1108 3257 ulciscentes,
1150 3204 1302 3255 refert,
1339 3205 1416 3248 sed
1448 3206 1704 3264 Aeschylum
1744 3207 1890 3246 iustam
1922 3204 1977 3246 ab
2008 3218 2062 3247 eo
2095 3205 2152 3248 de
2183 3192 2496 3265 Agamemnone

1907 3286 1932 3328 3
